,day,timestamp,product,bid_price_1,bid_volume_1,bid_price_2,bid_volume_2,bid_price_3,bid_volume_3,ask_price_1,ask_volume_1,ask_price_2,ask_volume_2,ask_price_3,ask_volume_3,mid_price,profit_and_loss
0,-2,0,AMETHYSTS,10002,1,9996.0,2.0,9995.0,29.0,10004,2,10005.0,29.0,,,10003.0,0.0
1,-2,0,STARFRUIT,5002,1,4997.0,31.0,,,5003,31,,,,,5002.5,0.0
2,-2,100,AMETHYSTS,9996,2,9995.0,22.0,,,10004,2,10005.0,22.0,,,10000.0,-43.0
3,-2,100,STARFRUIT,4997,24,,,,,5003,2,5004.0,22.0,,,5000.0,-26.328125
4,-2,200,STARFRUIT,4997,2,4996.0,20.0,,,5003,20,,,,,5000.0,-63.421875
5,-2,200,AMETHYSTS,9995,20,,,,,10005,20,,,,,10000.0,-86.0
6,-2,300,AMETHYSTS,9996,2,9995.0,29.0,,,10004,2,10005.0,29.0,,,10000.0,-86.0
7,-2,300,STARFRUIT,4996,31,,,,,5003,31,,,,,4999.5,-66.3984375
8,-2,400,AMETHYSTS,9996,2,9995.0,25.0,,,10004,2,10005.0,25.0,,,10000.0,-86.0
9,-2,400,STARFRUIT,4995,27,,,,,5002,27,,,,,4998.5,-83.921875
10,-2,500,AMETHYSTS,9995,30,,,,,10002,4,10005.0,30.0,,,9998.5,-86.0
11,-2,500,STARFRUIT,4996,30,,,,,5003,30,,,,,4999.5,-71.03125
12,-2,600,STARFRUIT,4999,5,4997.0,6.0,4996.0,25.0,5003,25,,,,,5001.0,-62.8359375
13,-2,600,AMETHYSTS,10000,5,9995.0,25.0,,,10005,25,,,,,10002.5,-86.0
14,-2,700,AMETHYSTS,9995,23,,,,,10005,23,,,,,10000.0,-86.0
15,-2,700,STARFRUIT,4997,2,4996.0,23.0,,,5003,23,,,,,5000.0,-65.1875
16,-2,800,AMETHYSTS,9996,1,9995.0,29.0,,,10004,1,10005.0,29.0,,,10000.0,-86.0
17,-2,800,STARFRUIT,4997,30,,,,,5003,1,5004.0,29.0,,,5000.0,-59.65625
18,-2,900,AMETHYSTS,9996,1,9995.0,22.0,,,10004,1,10005.0,22.0,,,10000.0,-86.0
19,-2,900,STARFRUIT,4997,23,,,,,5003,1,5004.0,22.0,,,5000.0,-57.6484375
20,-2,1000,STARFRUIT,4996,26,,,,,5001,6,5003.0,26.0,,,4998.5,-61.6328125
21,-2,1000,AMETHYSTS,9995,26,,,,,10005,26,,,,,10000.0,-86.0
22,-2,1100,STARFRUIT,4998,6,4997.0,26.0,,,5004,26,,,,,5001.0,-54.640625
23,-2,1100,AMETHYSTS,9996,2,9995.0,24.0,,,10004,2,10005.0,24.0,,,10000.0,-86.0
24,-2,1200,AMETHYSTS,9995,21,,,,,9998,1,10005.0,21.0,,,9996.5,-86.0
25,-2,1200,STARFRUIT,4997,21,,,,,5002,8,5004.0,21.0,,,4999.5,-56.875
26,-2,1300,STARFRUIT,4997,31,,,,,5003,1,5004.0,30.0,,,5000.0,-59.25
27,-2,1300,AMETHYSTS,10002,1,9996.0,1.0,9995.0,30.0,10004,1,10005.0,30.0,,,10003.0,-86.0
28,-2,1400,STARFRUIT,4997,3,4996.0,25.0,,,5003,26,,,,,5000.0,-64.9453125
29,-2,1400,AMETHYSTS,9996,1,9995.0,25.0,,,10004,1,10005.0,25.0,,,10000.0,-86.0
30,-2,1500,STARFRUIT,4996,27,,,,,5003,27,,,,,4999.5,-61.703125
31,-2,1500,AMETHYSTS,9995,27,,,,,10005,27,,,,,10000.0,-86.0
32,-2,1600,AMETHYSTS,9995,29,,,,,10005,29,,,,,10000.0,-86.0
33,-2,1600,STARFRUIT,4996,29,,,,,5001,4,5003.0,29.0,,,4998.5,-62.421875
34,-2,1700,STARFRUIT,4997,22,,,,,5002,8,5003.0,2.0,5004.0,20.0,4999.5,-58.53125
35,-2,1700,AMETHYSTS,9996,2,9995.0,20.0,,,10002,1,10004.0,2.0,10005.0,20.0,9999.0,-86.0
36,-2,1800,STARFRUIT,4997,1,4996.0,22.0,,,5003,23,,,,,5000.0,-62.8984375
37,-2,1800,AMETHYSTS,10002,1,9996.0,1.0,9995.0,22.0,10004,1,10005.0,22.0,,,10003.0,-86.0
38,-2,1900,STARFRUIT,4997,1,4996.0,28.0,,,5001,5,5003.0,29.0,,,4999.0,-62.0
39,-2,1900,AMETHYSTS,9996,1,9995.0,28.0,,,10004,1,10005.0,28.0,,,10000.0,-86.0
40,-2,2000,AMETHYSTS,9996,2,9995.0,24.0,,,9998,1,10004.0,2.0,10005.0,24.0,9997.0,-86.0
41,-2,2000,STARFRUIT,4996,26,,,,,5003,26,,,,,4999.5,-68.421875
42,-2,2100,STARFRUIT,4997,2,4996.0,25.0,,,5003,27,,,,,5000.0,-62.3984375
43,-2,2100,AMETHYSTS,9996,2,9995.0,25.0,,,10002,3,10004.0,2.0,10005.0,25.0,9999.0,-86.0
44,-2,2200,STARFRUIT,4997,1,4996.0,24.0,,,5001,7,5003.0,25.0,,,4999.0,-61.0625
45,-2,2200,AMETHYSTS,9998,8,9996.0,1.0,9995.0,24.0,10004,1,10005.0,24.0,,,10001.0,-86.0
46,-2,2300,STARFRUIT,4997,32,,,,,5003,2,5004.0,30.0,,,5000.0,-58.703125
47,-2,2300,AMETHYSTS,9998,7,9996.0,2.0,9995.0,30.0,10004,2,10005.0,30.0,,,10001.0,-86.0
48,-2,2400,AMETHYSTS,9995,29,,,,,10005,29,,,,,10000.0,-86.0
49,-2,2400,STARFRUIT,4997,28,,,,,5004,29,,,,,5000.5,-55.78125
50,-2,2500,STARFRUIT,4997,3,4996.0,22.0,,,5003,23,,,,,5000.0,-63.0390625
51,-2,2500,AMETHYSTS,9996,1,9995.0,22.0,,,10004,1,10005.0,22.0,,,10000.0,-86.0
52,-2,2600,STARFRUIT,4998,3,4997.0,23.0,,,5004,23,,,,,5001.0,-57.4375
53,-2,2600,AMETHYSTS,9995,23,,,,,10005,23,,,,,10000.0,-86.0
54,-2,2700,STARFRUIT,4998,26,,,,,5005,26,,,,,5001.5,-42.703125
55,-2,2700,AMETHYSTS,9998,6,9995.0,26.0,,,10005,26,,,,,10001.5,-86.0
56,-2,2800,AMETHYSTS,9995,25,,,,,10005,25,,,,,10000.0,-86.0
57,-2,2800,STARFRUIT,4997,25,,,,,5004,25,,,,,5000.5,-54.46875
58,-2,2900,STARFRUIT,4996,26,,,,,5003,26,,,,,4999.5,-66.8828125
59,-2,2900,AMETHYSTS,9996,1,9995.0,25.0,,,10004,1,10005.0,25.0,,,10000.0,-86.0
60,-2,3000,STARFRUIT,4997,3,4996.0,26.0,,,5003,26,,,,,5000.0,-77.6875
61,-2,3000,AMETHYSTS,9998,1,9995.0,26.0,,,10005,26,,,,,10001.5,-86.0
62,-2,3100,STARFRUIT,4996,26,,,,,5001,5,5003.0,26.0,,,4998.5,-71.671875
63,-2,3100,AMETHYSTS,9996,2,9995.0,24.0,,,10004,2,10005.0,24.0,,,10000.0,-86.0
64,-2,3200,AMETHYSTS,9996,1,9995.0,22.0,,,10004,1,10005.0,22.0,,,10000.0,-86.0
65,-2,3200,STARFRUIT,4996,23,,,,,5001,3,5003.0,23.0,,,4998.5,-70.765625
66,-2,3300,STARFRUIT,4997,2,4996.0,30.0,,,5001,2,5003.0,32.0,,,4999.0,-63.0390625
67,-2,3300,AMETHYSTS,9996,2,9995.0,30.0,,,10004,2,10005.0,30.0,,,10000.0,-86.0
68,-2,3400,STARFRUIT,4997,26,,,,,5003,2,5004.0,24.0,,,5000.0,-57.8828125
69,-2,3400,AMETHYSTS,9996,2,9995.0,24.0,,,10004,2,10005.0,24.0,,,10000.0,-86.0
70,-2,3500,STARFRUIT,4997,26,,,,,5004,26,,,,,5000.5,-56.375
71,-2,3500,AMETHYSTS,9995,26,,,,,10005,26,,,,,10000.0,-86.0
72,-2,3600,AMETHYSTS,9995,21,,,,,9998,4,10005.0,21.0,,,9996.5,-86.0
73,-2,3600,STARFRUIT,4997,21,,,,,5004,21,,,,,5000.5,-54.359375
74,-2,3700,STARFRUIT,4998,3,4997.0,24.0,,,5004,24,,,,,5001.0,-55.5859375
75,-2,3700,AMETHYSTS,10002,1,9996.0,1.0,9995.0,23.0,10004,1,10005.0,23.0,,,10003.0,-86.0
76,-2,3800,STARFRUIT,4997,25,,,,,5004,25,,,,,5000.5,-49.375
77,-2,3800,AMETHYSTS,9996,2,9995.0,23.0,,,10002,10,10004.0,2.0,10005.0,23.0,9999.0,-86.0
78,-2,3900,STARFRUIT,4998,2,4997.0,26.0,,,5003,1,5004.0,25.0,,,5000.5,-57.4921875
79,-2,3900,AMETHYSTS,9998,1,9996.0,1.0,9995.0,25.0,10004,1,10005.0,25.0,,,10001.0,-86.0
80,-2,4000,AMETHYSTS,9996,2,9995.0,30.0,,,10004,2,10005.0,30.0,,,10000.0,-86.0
81,-2,4000,STARFRUIT,4997,32,,,,,5003,2,5004.0,30.0,,,5000.0,-60.53125
82,-2,4100,STARFRUIT,4997,29,,,,,5003,2,5004.0,27.0,,,5000.0,-58.8046875
83,-2,4100,AMETHYSTS,9996,2,9995.0,27.0,,,10004,2,10005.0,27.0,,,10000.0,-86.0
84,-2,4200,STARFRUIT,4998,2,4997.0,24.0,,,5004,26,,,,,5001.0,-45.8984375
85,-2,4200,AMETHYSTS,9996,2,9995.0,24.0,,,10002,4,10004.0,2.0,10005.0,24.0,9999.0,-86.0
86,-2,4300,STARFRUIT,4998,7,4997.0,22.0,,,5000,5,5004.0,22.0,,,4999.0,-51.390625
87,-2,4300,AMETHYSTS,9995,22,,,,,9998,1,10000.0,6.0,10005.0,22.0,9996.5,-86.0
88,-2,4400,AMETHYSTS,9995,30,,,,,10005,30,,,,,10000.0,-86.0
89,-2,4400,STARFRUIT,4997,30,,,,,5004,30,,,,,5000.5,-59.1484375
90,-2,4500,STARFRUIT,4996,28,,,,,5003,29,,,,,4999.5,-63.203125
91,-2,4500,AMETHYSTS,9996,1,9995.0,28.0,,,10002,10,10004.0,1.0,10005.0,28.0,9999.0,-86.0
92,-2,4600,STARFRUIT,4997,30,,,,,5004,30,,,,,5000.5,-56.265625
93,-2,4600,AMETHYSTS,9996,1,9995.0,29.0,,,10002,10,10004.0,1.0,10005.0,29.0,9999.0,-86.0
94,-2,4700,STARFRUIT,4997,32,,,,,4998,7,5002.0,3.0,5003.0,2.0,4997.5,-57.96875
95,-2,4700,AMETHYSTS,9996,2,9995.0,30.0,,,10004,2,10005.0,30.0,,,10000.0,-86.0
96,-2,4800,AMETHYSTS,9998,6,9996.0,2.0,9995.0,22.0,10004,2,10005.0,22.0,,,10001.0,-86.0
97,-2,4800,STARFRUIT,4997,24,,,,,5004,24,,,,,5000.5,-48.484375
98,-2,4900,STARFRUIT,4996,22,,,,,5003,22,,,,,4999.5,-61.921875
99,-2,4900,AMETHYSTS,9995,22,,,,,10002,7,10005.0,22.0,,,9998.5,-86.0
100,-2,5000,STARFRUIT,4997,30,,,,,5004,30,,,,,5000.5,-53.84375
101,-2,5000,AMETHYSTS,9998,3,9996.0,2.0,9995.0,28.0,10004,2,10005.0,28.0,,,10001.0,-86.0
102,-2,5100,STARFRUIT,4998,7,4997.0,30.0,,,5004,31,,,,,5001.0,-46.4375
103,-2,5100,AMETHYSTS,9996,1,9995.0,30.0,,,10004,1,10005.0,30.0,,,10000.0,-86.0
104,-2,5200,AMETHYSTS,9998,9,9996.0,1.0,9995.0,26.0,10004,1,10005.0,26.0,,,10001.0,-86.0
105,-2,5200,STARFRUIT,4998,8,4997.0,27.0,,,5003,1,5004.0,26.0,,,5000.5,-56.6328125
106,-2,5300,STARFRUIT,5002,1,4997.0,21.0,,,5004,21,,,,,5003.0,-55.5390625
107,-2,5300,AMETHYSTS,9996,1,9995.0,20.0,,,10004,1,10005.0,20.0,,,10000.0,-86.0
108,-2,5400,STARFRUIT,4997,21,,,,,5002,6,5004.0,21.0,,,4999.5,-46.84375
109,-2,5400,AMETHYSTS,9995,21,,,,,10005,21,,,,,10000.0,-86.0
110,-2,5500,AMETHYSTS,9995,27,,,,,10005,27,,,,,10000.0,-86.0
111,-2,5500,STARFRUIT,4997,27,,,,,5004,27,,,,,5000.5,-46.21875
112,-2,5600,STARFRUIT,5002,2,4998.0,28.0,,,5005,28,,,,,5003.5,-39.0625
113,-2,5600,AMETHYSTS,9995,28,,,,,10005,28,,,,,10000.0,-86.0
114,-2,5700,STARFRUIT,4999,26,,,,,5006,27,,,,,5002.5,-22.0390625
115,-2,5700,AMETHYSTS,9998,2,9995.0,27.0,,,10005,27,,,,,10001.5,-86.0
116,-2,5800,STARFRUIT,4999,31,,,,,5006,31,,,,,5002.5,-20.0859375
117,-2,5800,AMETHYSTS,9996,1,9995.0,30.0,,,10004,1,10005.0,30.0,,,10000.0,-86.0
118,-2,5900,AMETHYSTS,9996,2,9995.0,28.0,,,10004,2,10005.0,28.0,,,10000.0,-86.0
119,-2,5900,STARFRUIT,5000,5,4999.0,30.0,,,5005,2,5006.0,28.0,,,5002.5,-22.1171875
120,-2,6000,STARFRUIT,4998,30,,,,,5005,30,,,,,5001.5,-27.6640625
121,-2,6000,AMETHYSTS,9995,30,,,,,10005,30,,,,,10000.0,-86.0
122,-2,6100,STARFRUIT,4999,24,,,,,5005,1,5006.0,24.0,,,5002.0,-23.03125
123,-2,6100,AMETHYSTS,9996,1,9995.0,24.0,,,10004,1,10005.0,24.0,,,10000.0,-86.0
124,-2,6200,STARFRUIT,4999,22,,,,,5005,1,5006.0,21.0,,,5002.0,-24.453125
125,-2,6200,AMETHYSTS,9996,1,9995.0,21.0,,,10004,1,10005.0,21.0,,,10000.0,-86.0
126,-2,6300,AMETHYSTS,9996,2,9995.0,23.0,,,10004,2,10005.0,23.0,,,10000.0,-86.0
127,-2,6300,STARFRUIT,4999,7,4998.0,23.0,,,5005,25,,,,,5002.0,-25.75
128,-2,6400,STARFRUIT,4999,1,4998.0,24.0,,,5005,25,,,,,5002.0,-26.5234375
129,-2,6400,AMETHYSTS,9996,1,9995.0,24.0,,,10004,1,10005.0,24.0,,,10000.0,-86.0
130,-2,6500,STARFRUIT,4999,27,,,,,5005,1,5006.0,26.0,,,5002.0,-21.875
131,-2,6500,AMETHYSTS,9996,1,9995.0,26.0,,,9998,1,10004.0,1.0,10005.0,26.0,9997.0,-86.0
132,-2,6600,STARFRUIT,4998,26,,,,,5005,26,,,,,5001.5,-29.53125
133,-2,6600,AMETHYSTS,9996,2,9995.0,24.0,,,10004,2,10005.0,24.0,,,10000.0,-86.0
134,-2,6700,AMETHYSTS,9995,20,,,,,10002,3,10005.0,20.0,,,9998.5,-86.0
135,-2,6700,STARFRUIT,4999,7,4998.0,20.0,,,5005,20,,,,,5002.0,-40.5234375
136,-2,6800,STARFRUIT,4997,32,,,,,5002,8,5003.0,2.0,5004.0,30.0,4999.5,-57.9921875
137,-2,6800,AMETHYSTS,9996,2,9995.0,30.0,,,10004,2,10005.0,30.0,,,10000.0,-86.0
138,-2,6900,STARFRUIT,4997,27,,,,,5002,1,5004.0,27.0,,,4999.5,-49.4140625
139,-2,6900,AMETHYSTS,9996,1,9995.0,26.0,,,10002,5,10004.0,1.0,10005.0,26.0,9999.0,-86.0
140,-2,7000,STARFRUIT,5002,4,4997.0,27.0,,,5004,27,,,,,5003.0,-48.8984375
141,-2,7000,AMETHYSTS,9998,2,9995.0,27.0,,,10005,27,,,,,10001.5,-86.0
142,-2,7100,AMETHYSTS,9996,1,9995.0,29.0,,,10004,1,10005.0,29.0,,,10000.0,-86.0
143,-2,7100,STARFRUIT,4998,30,,,,,5005,30,,,,,5001.5,-38.078125
144,-2,7200,STARFRUIT,4998,28,,,,,5005,28,,,,,5001.5,-38.15625
145,-2,7200,AMETHYSTS,9998,5,9996.0,1.0,9995.0,27.0,10004,1,10005.0,27.0,,,10001.0,-86.0
146,-2,7300,STARFRUIT,4998,6,4997.0,29.0,,,5004,31,,,,,5001.0,-43.5
147,-2,7300,AMETHYSTS,10002,1,9996.0,2.0,9995.0,29.0,10004,2,10005.0,29.0,,,10003.0,-86.0
148,-2,7400,STARFRUIT,4998,22,,,,,5004,1,5005.0,22.0,,,5001.0,-40.078125
149,-2,7400,AMETHYSTS,9996,1,9995.0,22.0,,,10004,1,10005.0,22.0,,,10000.0,-86.0
150,-2,7500,AMETHYSTS,9995,25,,,,,10002,10,10005.0,25.0,,,9998.5,-86.0
151,-2,7500,STARFRUIT,4998,25,,,,,5005,25,,,,,5001.5,-40.640625
152,-2,7600,STARFRUIT,4997,22,,,,,5004,22,,,,,5000.5,-49.6640625
153,-2,7600,AMETHYSTS,9996,2,9995.0,20.0,,,10004,2,10005.0,20.0,,,10000.0,-86.0
154,-2,7700,AMETHYSTS,9995,22,,,,,10005,22,,,,,10000.0,-86.0
155,-2,7700,STARFRUIT,4997,21,,,,,5004,22,,,,,5000.5,-56.015625
156,-2,7800,AMETHYSTS,9998,3,9996.0,1.0,9995.0,22.0,10004,1,10005.0,22.0,,,10001.0,-86.0
157,-2,7800,STARFRUIT,4998,1,4997.0,22.0,,,5004,23,,,,,5001.0,-43.359375
158,-2,7900,AMETHYSTS,9996,1,9995.0,26.0,,,10004,1,10005.0,26.0,,,10000.0,-86.0
159,-2,7900,STARFRUIT,4999,4,4998.0,27.0,,,5004,1,5005.0,26.0,,,5001.5,-40.8359375
160,-2,8000,STARFRUIT,4998,27,,,,,5003,8,5005.0,27.0,,,5000.5,-37.8671875
161,-2,8000,AMETHYSTS,9995,27,,,,,10005,27,,,,,10000.0,-86.0
162,-2,8100,AMETHYSTS,9996,1,9995.0,22.0,,,10004,1,10005.0,22.0,,,10000.0,-86.0
163,-2,8100,STARFRUIT,4998,23,,,,,5004,1,5005.0,22.0,,,5001.0,-39.859375
164,-2,8200,AMETHYSTS,9995,23,,,,,10005,23,,,,,10000.0,-86.0
165,-2,8200,STARFRUIT,4997,23,,,,,5002,1,5004.0,23.0,,,4999.5,-44.8203125
166,-2,8300,AMETHYSTS,9996,1,9995.0,29.0,,,10004,1,10005.0,29.0,,,10000.0,-86.0
167,-2,8300,STARFRUIT,4998,30,,,,,5005,30,,,,,5001.5,-38.4375
168,-2,8400,STARFRUIT,4998,28,,,,,5005,28,,,,,5001.5,-39.203125
169,-2,8400,AMETHYSTS,9995,28,,,,,10005,28,,,,,10000.0,-86.0
170,-2,8500,AMETHYSTS,9998,10,9996.0,2.0,9995.0,29.0,10004,2,10005.0,29.0,,,10001.0,-86.0
171,-2,8500,STARFRUIT,4998,2,4997.0,29.0,,,5004,31,,,,,5001.0,-44.671875
172,-2,8600,AMETHYSTS,9996,1,9995.0,22.0,,,10004,1,10005.0,22.0,,,10000.0,-86.0
173,-2,8600,STARFRUIT,4997,22,,,,,5004,23,,,,,5000.5,-45.6484375
174,-2,8700,AMETHYSTS,9998,10,9995.0,27.0,,,10005,27,,,,,10001.5,-86.0
175,-2,8700,STARFRUIT,4997,27,,,,,5002,4,5004.0,27.0,,,4999.5,-52.1484375
176,-2,8800,STARFRUIT,4998,7,4997.0,25.0,,,5004,25,,,,,5001.0,-50.8046875
177,-2,8800,AMETHYSTS,9995,25,,,,,9998,1,10005.0,25.0,,,9996.5,-86.0
178,-2,8900,AMETHYSTS,9998,9,9995.0,26.0,,,10005,26,,,,,10001.5,-86.0
179,-2,8900,STARFRUIT,4999,1,4998.0,26.0,,,5005,26,,,,,5002.0,-42.71875
180,-2,9000,AMETHYSTS,9996,2,9995.0,29.0,,,10004,2,10005.0,29.0,,,10000.0,-86.0
181,-2,9000,STARFRUIT,4997,31,,,,,5004,31,,,,,5000.5,-48.734375
182,-2,9100,AMETHYSTS,9998,3,9996.0,2.0,9995.0,27.0,10004,2,10005.0,27.0,,,10001.0,-86.0
183,-2,9100,STARFRUIT,4998,29,,,,,5005,29,,,,,5001.5,-38.5
184,-2,9200,STARFRUIT,4997,27,,,,,5002,7,5004.0,27.0,,,4999.5,-43.296875
185,-2,9200,AMETHYSTS,9998,10,9995.0,27.0,,,10005,27,,,,,10001.5,-86.0
186,-2,9300,AMETHYSTS,9996,1,9995.0,20.0,,,10004,1,10005.0,20.0,,,10000.0,-86.0
187,-2,9300,STARFRUIT,4998,21,,,,,5004,1,5005.0,20.0,,,5001.0,-42.21875
188,-2,9400,AMETHYSTS,9998,2,9996.0,2.0,9995.0,21.0,10004,2,10005.0,21.0,,,10001.0,-86.0
189,-2,9400,STARFRUIT,4997,23,,,,,5004,23,,,,,5000.5,-48.2265625
190,-2,9500,AMETHYSTS,9996,1,9995.0,30.0,,,10004,1,10005.0,30.0,,,10000.0,-86.0
191,-2,9500,STARFRUIT,4998,4,4997.0,31.0,,,5004,31,,,,,5001.0,-49.8359375
192,-2,9600,STARFRUIT,4997,31,,,,,5004,31,,,,,5000.5,-49.515625
193,-2,9600,AMETHYSTS,9996,1,9995.0,30.0,,,10004,1,10005.0,30.0,,,10000.0,-86.0
194,-2,9700,AMETHYSTS,9995,22,,,,,10002,1,10005.0,22.0,,,9998.5,-86.0
195,-2,9700,STARFRUIT,4997,22,,,,,5004,22,,,,,5000.5,-52.640625
196,-2,9800,AMETHYSTS,9995,26,,,,,10005,26,,,,,10000.0,-86.0
197,-2,9800,STARFRUIT,4997,26,,,,,5004,26,,,,,5000.5,-57.6953125
198,-2,9900,AMETHYSTS,9995,25,,,,,10005,25,,,,,10000.0,-86.0
199,-2,9900,STARFRUIT,5001,4,4996.0,25.0,,,5003,25,,,,,5002.0,-62.5703125
200,-2,10000,STARFRUIT,4997,8,4996.0,28.0,,,5003,28,,,,,5000.0,-68.4765625
201,-2,10000,AMETHYSTS,9995,28,,,,,10005,28,,,,,10000.0,-86.0
202,-2,10100,STARFRUIT,4996,1,4995.0,24.0,,,5002,25,,,,,4999.0,-79.75
203,-2,10100,AMETHYSTS,9996,1,9995.0,24.0,,,10002,3,10004.0,1.0,10005.0,24.0,9999.0,-86.0
204,-2,10200,AMETHYSTS,9996,2,9995.0,26.0,,,10004,2,10005.0,26.0,,,10000.0,-86.0
205,-2,10200,STARFRUIT,4996,2,4995.0,26.0,,,5002,28,,,,,4999.0,-81.6484375
206,-2,10300,STARFRUIT,5001,1,4997.0,8.0,4996.0,27.0,5003,27,,,,,5002.0,-78.7890625
207,-2,10300,AMETHYSTS,9998,4,9995.0,27.0,,,10005,27,,,,,10001.5,-86.0
208,-2,10400,STARFRUIT,4997,1,4996.0,29.0,,,5003,29,,,,,5000.0,-72.28125
209,-2,10400,AMETHYSTS,10002,1,9996.0,1.0,9995.0,28.0,10004,1,10005.0,28.0,,,10003.0,-86.0
210,-2,10500,STARFRUIT,4996,31,,,,,5003,31,,,,,4999.5,-67.6640625
211,-2,10500,AMETHYSTS,9998,4,9996.0,2.0,9995.0,29.0,10004,2,10005.0,29.0,,,10001.0,-86.0
212,-2,10600,AMETHYSTS,9996,2,9995.0,29.0,,,10000,4,10004.0,2.0,10005.0,29.0,9998.0,-86.0
213,-2,10600,STARFRUIT,4997,31,,,,,5000,4,5002.0,4.0,5004.0,31.0,4998.5,-50.0546875
214,-2,10700,STARFRUIT,4998,1,4997.0,28.0,,,5004,28,,,,,5001.0,-47.78125
215,-2,10700,AMETHYSTS,9998,8,9995.0,28.0,,,10005,28,,,,,10001.5,-86.0
216,-2,10800,STARFRUIT,4998,3,4997.0,24.0,,,5004,24,,,,,5001.0,-51.0703125
217,-2,10800,AMETHYSTS,9998,5,9996.0,2.0,9995.0,22.0,10004,2,10005.0,22.0,,,10001.0,-86.0
218,-2,10900,STARFRUIT,4999,7,4998.0,28.0,,,5005,28,,,,,5002.0,-37.65625
219,-2,10900,AMETHYSTS,9996,1,9995.0,27.0,,,10004,1,10005.0,27.0,,,10000.0,-86.0
220,-2,11000,AMETHYSTS,9995,24,,,,,10002,7,10005.0,24.0,,,9998.5,-86.0
221,-2,11000,STARFRUIT,5002,7,4997.0,24.0,,,5004,24,,,,,5003.0,-45.1875
222,-2,11100,STARFRUIT,4998,21,,,,,5005,21,,,,,5001.5,-38.25
223,-2,11100,AMETHYSTS,9998,3,9995.0,21.0,,,10005,21,,,,,10001.5,-86.0
224,-2,11200,STARFRUIT,4998,2,4997.0,21.0,,,5004,23,,,,,5001.0,-45.1171875
225,-2,11200,AMETHYSTS,9996,2,9995.0,21.0,,,10002,7,10004.0,2.0,10005.0,21.0,9999.0,-86.0
226,-2,11300,STARFRUIT,4999,3,4998.0,22.0,,,5004,1,5005.0,21.0,,,5001.5,-42.59375
227,-2,11300,AMETHYSTS,9996,1,9995.0,21.0,,,10004,1,10005.0,21.0,,,10000.0,-86.0
228,-2,11400,AMETHYSTS,9996,1,9995.0,25.0,,,10004,1,10005.0,25.0,,,10000.0,-86.0
229,-2,11400,STARFRUIT,4997,26,,,,,5003,1,5004.0,25.0,,,5000.0,-56.7265625
230,-2,11500,STARFRUIT,4997,26,,,,,5002,8,5004.0,26.0,,,4999.5,-50.296875
231,-2,11500,AMETHYSTS,9996,1,9995.0,25.0,,,10002,7,10004.0,1.0,10005.0,25.0,9999.0,-86.0
232,-2,11600,STARFRUIT,4997,29,,,,,5004,29,,,,,5000.5,-51.4375
233,-2,11600,AMETHYSTS,9996,2,9995.0,27.0,,,10002,2,10004.0,2.0,10005.0,27.0,9999.0,-86.0
234,-2,11700,STARFRUIT,4997,23,,,,,4998,2,5003.0,2.0,5004.0,21.0,4997.5,-58.3984375
235,-2,11700,AMETHYSTS,9996,2,9995.0,21.0,,,10004,2,10005.0,21.0,,,10000.0,-86.0
236,-2,11800,AMETHYSTS,9998,10,9995.0,29.0,,,10000,5,10005.0,29.0,,,9999.0,-86.0
237,-2,11800,STARFRUIT,4997,29,,,,,5000,4,5004.0,29.0,,,4998.5,-46.375
238,-2,11900,STARFRUIT,4998,32,,,,,5003,3,5004.0,2.0,5005.0,30.0,5000.5,-40.8984375
239,-2,11900,AMETHYSTS,9996,2,9995.0,30.0,,,10004,2,10005.0,30.0,,,10000.0,-86.0
240,-2,12000,STARFRUIT,4998,20,,,,,5005,20,,,,,5001.5,-40.5859375
241,-2,12000,AMETHYSTS,10002,1,9995.0,20.0,,,10005,20,,,,,10003.5,-86.0
242,-2,12100,STARFRUIT,4998,2,4997.0,25.0,,,5002,1,5004.0,27.0,,,5000.0,-45.9453125
243,-2,12100,AMETHYSTS,9996,2,9995.0,25.0,,,10004,2,10005.0,25.0,,,10000.0,-86.0
244,-2,12200,AMETHYSTS,9996,2,9995.0,28.0,,,10004,2,10005.0,28.0,,,10000.0,-86.0
245,-2,12200,STARFRUIT,4998,6,4997.0,28.0,,,5004,30,,,,,5001.0,-46.265625
246,-2,12300,STARFRUIT,4998,1,4997.0,28.0,,,5004,29,,,,,5001.0,-47.453125
247,-2,12300,AMETHYSTS,9998,6,9996.0,1.0,9995.0,28.0,10004,1,10005.0,28.0,,,10001.0,-86.0
248,-2,12400,STARFRUIT,4999,4,4998.0,26.0,,,5005,26,,,,,5002.0,-42.28125
249,-2,12400,AMETHYSTS,9995,26,,,,,10005,26,,,,,10000.0,-86.0
250,-2,12500,STARFRUIT,4998,19,,,,,5005,20,,,,,5001.5,-36.5625
251,-2,12500,AMETHYSTS,9995,20,,,,,10005,20,,,,,10000.0,-86.0
252,-2,12600,AMETHYSTS,9995,22,,,,,10005,22,,,,,10000.0,-86.0
253,-2,12600,STARFRUIT,4998,22,,,,,5005,22,,,,,5001.5,-41.3671875
254,-2,12700,STARFRUIT,4998,2,4997.0,20.0,,,5004,22,,,,,5001.0,-45.3203125
255,-2,12700,AMETHYSTS,9996,2,9995.0,20.0,,,10004,2,10005.0,20.0,,,10000.0,-86.0
256,-2,12800,STARFRUIT,4997,22,,,,,5004,22,,,,,5000.5,-49.15625
257,-2,12800,AMETHYSTS,9996,2,9995.0,20.0,,,10004,2,10005.0,20.0,,,10000.0,-86.0
258,-2,12900,STARFRUIT,4998,7,4997.0,29.0,,,5003,1,5004.0,28.0,,,5000.5,-58.84375
259,-2,12900,AMETHYSTS,9996,1,9995.0,28.0,,,10002,3,10004.0,1.0,10005.0,28.0,9999.0,-86.0
260,-2,13000,AMETHYSTS,10002,1,9995.0,20.0,,,10005,20,,,,,10003.5,-86.0
261,-2,13000,STARFRUIT,5002,1,4997.0,6.0,4996.0,20.0,5003,20,,,,,5002.5,-63.1015625
262,-2,13100,STARFRUIT,4997,8,4996.0,25.0,,,5003,26,,,,,5000.0,-63.78125
263,-2,13100,AMETHYSTS,9996,1,9995.0,25.0,,,10004,1,10005.0,25.0,,,10000.0,-86.0
264,-2,13200,STARFRUIT,4997,22,,,,,5002,5,5004.0,22.0,,,4999.5,-58.8359375
265,-2,13200,AMETHYSTS,9998,2,9995.0,22.0,,,10005,22,,,,,10001.5,-86.0
266,-2,13300,STARFRUIT,4998,6,4997.0,24.0,,,5004,24,,,,,5001.0,-49.3828125
267,-2,13300,AMETHYSTS,9995,24,,,,,10005,24,,,,,10000.0,-86.0
268,-2,13400,AMETHYSTS,9996,2,9995.0,30.0,,,10004,2,10005.0,30.0,,,10000.0,-86.0
269,-2,13400,STARFRUIT,4997,32,,,,,5004,32,,,,,5000.5,-55.203125
270,-2,13500,STARFRUIT,4997,30,,,,,5002,8,5004.0,30.0,,,4999.5,-51.265625
271,-2,13500,AMETHYSTS,9995,30,,,,,10005,30,,,,,10000.0,-86.0
272,-2,13600,STARFRUIT,4997,24,,,,,5002,3,5004.0,25.0,,,4999.5,-54.4609375
273,-2,13600,AMETHYSTS,9995,25,,,,,10002,10,10005.0,25.0,,,9998.5,-86.0
274,-2,13700,STARFRUIT,4999,4,4998.0,21.0,,,5004,1,5005.0,20.0,,,5001.5,-39.59375
275,-2,13700,AMETHYSTS,9996,1,9995.0,20.0,,,9998,4,10004.0,1.0,10005.0,20.0,9997.0,-86.0
276,-2,13800,AMETHYSTS,9996,2,9995.0,20.0,,,10004,2,10005.0,20.0,,,10000.0,-86.0
277,-2,13800,STARFRUIT,4999,1,4998.0,22.0,,,5004,2,5005.0,20.0,,,5001.5,-39.9609375
278,-2,13900,STARFRUIT,4998,22,,,,,5001,6,5003.0,4.0,5005.0,22.0,4999.5,-36.3671875
279,-2,13900,AMETHYSTS,9996,2,9995.0,20.0,,,10000,6,10004.0,2.0,10005.0,20.0,9998.0,-86.0
280,-2,14000,STARFRUIT,4998,5,4997.0,27.0,,,5004,29,,,,,5001.0,-43.09375
281,-2,14000,AMETHYSTS,9998,5,9996.0,2.0,9995.0,27.0,10004,2,10005.0,27.0,,,10001.0,-86.0
282,-2,14100,STARFRUIT,4997,25,,,,,5002,1,5004.0,25.0,,,4999.5,-48.921875
283,-2,14100,AMETHYSTS,9996,2,9995.0,23.0,,,10004,2,10005.0,23.0,,,10000.0,-86.0
284,-2,14200,AMETHYSTS,9995,21,,,,,10005,21,,,,,10000.0,-86.0
285,-2,14200,STARFRUIT,4997,21,,,,,4998,1,5004.0,21.0,,,4997.5,-47.4921875
286,-2,14300,STARFRUIT,4997,29,,,,,5004,29,,,,,5000.5,-50.2578125
287,-2,14300,AMETHYSTS,9996,2,9995.0,27.0,,,10004,2,10005.0,27.0,,,10000.0,-86.0
288,-2,14400,STARFRUIT,4997,30,,,,,5004,30,,,,,5000.5,-47.75
289,-2,14400,AMETHYSTS,9996,1,9995.0,29.0,,,10004,1,10005.0,29.0,,,10000.0,-86.0
290,-2,14500,AMETHYSTS,9995,24,,,,,10002,1,10005.0,24.0,,,9998.5,-86.0
291,-2,14500,STARFRUIT,4997,24,,,,,5004,24,,,,,5000.5,-58.9609375
292,-2,14600,STARFRUIT,4997,28,,,,,5000,2,5004.0,28.0,,,4998.5,-54.2265625
293,-2,14600,AMETHYSTS,9996,2,9995.0,26.0,,,10000,2,10004.0,2.0,10005.0,26.0,9998.0,-86.0
294,-2,14700,STARFRUIT,4997,30,,,,,5004,30,,,,,5000.5,-60.6953125
295,-2,14700,AMETHYSTS,9995,30,,,,,10002,7,10005.0,30.0,,,9998.5,-86.0
296,-2,14800,STARFRUIT,4997,28,,,,,5004,28,,,,,5000.5,-48.3515625
297,-2,14800,AMETHYSTS,9995,28,,,,,10002,6,10005.0,28.0,,,9998.5,-86.0
298,-2,14900,AMETHYSTS,10000,4,9995.0,26.0,,,10005,26,,,,,10002.5,-86.0
299,-2,14900,STARFRUIT,5000,4,4997.0,26.0,,,5004,26,,,,,5002.0,-50.4375
300,-2,15000,STARFRUIT,5003,8,4998.0,25.0,,,5005,25,,,,,5004.0,-42.578125
301,-2,15000,AMETHYSTS,9998,1,9995.0,25.0,,,10005,25,,,,,10001.5,-86.0
302,-2,15100,STARFRUIT,4998,5,4997.0,22.0,,,5004,22,,,,,5001.0,-52.59375
303,-2,15100,AMETHYSTS,9995,22,,,,,10005,22,,,,,10000.0,-86.0
304,-2,15200,STARFRUIT,4997,27,,,,,4998,1,5004.0,27.0,,,4997.5,-49.5390625
305,-2,15200,AMETHYSTS,9998,6,9995.0,27.0,,,10005,27,,,,,10001.5,-86.0
306,-2,15300,AMETHYSTS,9995,26,,,,,10002,1,10005.0,26.0,,,9998.5,-86.0
307,-2,15300,STARFRUIT,4997,26,,,,,5002,4,5004.0,26.0,,,4999.5,-55.921875
308,-2,15400,STARFRUIT,4998,5,4997.0,30.0,,,5003,2,5004.0,28.0,,,5000.5,-59.4296875
309,-2,15400,AMETHYSTS,9996,2,9995.0,28.0,,,9998,1,10004.0,2.0,10005.0,28.0,9997.0,-86.0
310,-2,15500,STARFRUIT,4997,31,,,,,5002,8,5003.0,2.0,5004.0,29.0,4999.5,-59.265625
311,-2,15500,AMETHYSTS,10002,1,9996.0,2.0,9995.0,29.0,10004,2,10005.0,29.0,,,10003.0,-86.0
312,-2,15600,STARFRUIT,4997,7,4996.0,24.0,,,5003,26,,,,,5000.0,-61.5546875
313,-2,15600,AMETHYSTS,9996,2,9995.0,24.0,,,10004,2,10005.0,24.0,,,10000.0,-86.0
314,-2,15700,AMETHYSTS,10002,5,9996.0,1.0,9995.0,24.0,10004,1,10005.0,24.0,,,10003.0,-86.0
315,-2,15700,STARFRUIT,4997,25,,,,,5003,1,5004.0,24.0,,,5000.0,-59.671875
316,-2,15800,STARFRUIT,5002,1,4997.0,22.0,,,5004,22,,,,,5003.0,-54.328125
317,-2,15800,AMETHYSTS,9998,10,9996.0,2.0,9995.0,20.0,10004,2,10005.0,20.0,,,10001.0,-86.0
318,-2,15900,STARFRUIT,4997,31,,,,,5000,6,5002.0,2.0,5004.0,31.0,4998.5,-49.6640625
319,-2,15900,AMETHYSTS,9996,2,9995.0,29.0,,,10000,6,10004.0,2.0,10005.0,29.0,9998.0,-86.0
320,-2,16000,STARFRUIT,4997,29,,,,,5002,2,5004.0,29.0,,,4999.5,-50.3046875
321,-2,16000,AMETHYSTS,9996,2,9995.0,27.0,,,10002,6,10004.0,2.0,10005.0,27.0,9999.0,-86.0
322,-2,16100,AMETHYSTS,9995,21,,,,,10000,2,10002.0,10.0,10005.0,21.0,9997.5,-86.0
323,-2,16100,STARFRUIT,4997,21,,,,,5000,2,5004.0,21.0,,,4998.5,-60.09375
324,-2,16200,STARFRUIT,4996,24,,,,,4998,1,5003.0,24.0,,,4997.0,-65.875
325,-2,16200,AMETHYSTS,9995,24,,,,,9998,1,10005.0,24.0,,,9996.5,-86.0
326,-2,16300,STARFRUIT,4997,2,4996.0,23.0,,,5003,23,,,,,5000.0,-67.296875
327,-2,16300,AMETHYSTS,9996,1,9995.0,22.0,,,10004,1,10005.0,22.0,,,10000.0,-86.0
328,-2,16400,STARFRUIT,4996,2,4995.0,30.0,,,5002,32,,,,,4999.0,-82.5234375
329,-2,16400,AMETHYSTS,9996,2,9995.0,30.0,,,10002,3,10004.0,2.0,10005.0,30.0,9999.0,-86.0
330,-2,16500,AMETHYSTS,9996,2,9995.0,21.0,,,10002,7,10004.0,2.0,10005.0,21.0,9999.0,-86.0
331,-2,16500,STARFRUIT,4996,23,,,,,5002,2,5003.0,21.0,,,4999.0,-77.1484375
332,-2,16600,STARFRUIT,4996,29,,,,,5002,2,5003.0,28.0,,,4999.0,-78.875
333,-2,16600,AMETHYSTS,9998,4,9996.0,2.0,9995.0,28.0,10004,2,10005.0,28.0,,,10001.0,-86.0
334,-2,16700,AMETHYSTS,10002,1,9995.0,26.0,,,10005,26,,,,,10003.5,-86.0
335,-2,16700,STARFRUIT,5001,1,4995.0,26.0,,,5002,26,,,,,5001.5,-80.6953125
336,-2,16800,AMETHYSTS,9995,26,,,,,10005,26,,,,,10000.0,-86.0
337,-2,16800,STARFRUIT,4996,26,,,,,5003,26,,,,,4999.5,-73.9140625
338,-2,16900,AMETHYSTS,9996,1,9995.0,25.0,,,10004,1,10005.0,25.0,,,10000.0,-86.0
339,-2,16900,STARFRUIT,4996,26,,,,,5003,26,,,,,4999.5,-69.140625
340,-2,17000,STARFRUIT,4996,29,,,,,5003,29,,,,,4999.5,-67.5625
341,-2,17000,AMETHYSTS,9998,9,9995.0,29.0,,,10005,29,,,,,10001.5,-86.0
342,-2,17100,AMETHYSTS,9996,2,9995.0,21.0,,,10004,2,10005.0,21.0,,,10000.0,-86.0
343,-2,17100,STARFRUIT,4996,23,,,,,5002,2,5003.0,21.0,,,4999.0,-74.7578125
344,-2,17200,AMETHYSTS,9998,3,9996.0,2.0,9995.0,22.0,10004,2,10005.0,22.0,,,10001.0,-86.0
345,-2,17200,STARFRUIT,4996,24,,,,,5003,24,,,,,4999.5,-72.546875
346,-2,17300,AMETHYSTS,9996,2,9995.0,23.0,,,10002,9,10004.0,2.0,10005.0,23.0,9999.0,-86.0
347,-2,17300,STARFRUIT,4996,25,,,,,5001,6,5003.0,25.0,,,4998.5,-70.078125
348,-2,17400,STARFRUIT,4999,6,4996.0,28.0,,,5003,28,,,,,5001.0,-76.4375
349,-2,17400,AMETHYSTS,10000,6,9998.0,7.0,9995.0,28.0,10005,28,,,,,10002.5,-86.0
350,-2,17500,AMETHYSTS,9995,26,,,,,10005,26,,,,,10000.0,-86.0
351,-2,17500,STARFRUIT,4996,26,,,,,5003,26,,,,,4999.5,-68.96875
352,-2,17600,AMETHYSTS,9998,6,9995.0,30.0,,,10005,30,,,,,10001.5,-86.0
353,-2,17600,STARFRUIT,4996,30,,,,,5003,30,,,,,4999.5,-65.34375
354,-2,17700,AMETHYSTS,9996,2,9995.0,27.0,,,10004,2,10005.0,27.0,,,10000.0,-86.0
355,-2,17700,STARFRUIT,5001,1,4996.0,2.0,4995.0,27.0,5002,29,,,,,5001.5,-79.484375
356,-2,17800,STARFRUIT,4996,26,,,,,5002,2,5003.0,24.0,,,4999.0,-78.625
357,-2,17800,AMETHYSTS,9996,2,9995.0,24.0,,,10002,5,10004.0,2.0,10005.0,24.0,9999.0,-86.0
358,-2,17900,AMETHYSTS,9995,23,,,,,10005,23,,,,,10000.0,-86.0
359,-2,17900,STARFRUIT,4995,23,,,,,5002,23,,,,,4998.5,-87.703125
360,-2,18000,AMETHYSTS,9996,2,9995.0,25.0,,,10004,2,10005.0,25.0,,,10000.0,-86.0
361,-2,18000,STARFRUIT,4996,2,4995.0,25.0,,,5002,27,,,,,4999.0,-79.5703125
362,-2,18100,AMETHYSTS,9995,20,,,,,10005,20,,,,,10000.0,-86.0
363,-2,18100,STARFRUIT,4996,20,,,,,5003,20,,,,,4999.5,-73.796875
364,-2,18200,STARFRUIT,4995,25,,,,,4997,4,5002.0,26.0,,,4996.0,-81.7265625
365,-2,18200,AMETHYSTS,9996,1,9995.0,25.0,,,10004,1,10005.0,25.0,,,10000.0,-86.0
366,-2,18300,AMETHYSTS,9996,2,9995.0,23.0,,,10004,2,10005.0,23.0,,,10000.0,-86.0
367,-2,18300,STARFRUIT,4995,25,,,,,5002,25,,,,,4998.5,-88.0859375
368,-2,18400,AMETHYSTS,9996,2,9995.0,23.0,,,10004,2,10005.0,23.0,,,10000.0,-86.0
369,-2,18400,STARFRUIT,4995,25,,,,,5000,5,5002.0,25.0,,,4997.5,-87.3671875
370,-2,18500,AMETHYSTS,9995,29,,,,,10000,2,10005.0,29.0,,,9997.5,-86.0
371,-2,18500,STARFRUIT,4995,29,,,,,4998,1,5002.0,29.0,,,4996.5,-89.1015625
372,-2,18600,STARFRUIT,4996,20,,,,,5001,5,5003.0,20.0,,,4998.5,-78.171875
373,-2,18600,AMETHYSTS,10002,1,9995.0,20.0,,,10005,20,,,,,10003.5,-86.0
374,-2,18700,AMETHYSTS,9995,22,,,,,10005,22,,,,,10000.0,-86.0
375,-2,18700,STARFRUIT,4996,22,,,,,5003,22,,,,,4999.5,-72.875
376,-2,18800,AMETHYSTS,9996,2,9995.0,26.0,,,10004,2,10005.0,26.0,,,10000.0,-86.0
377,-2,18800,STARFRUIT,4996,28,,,,,5002,2,5003.0,26.0,,,4999.0,-74.9140625
378,-2,18900,STARFRUIT,4996,22,,,,,5003,22,,,,,4999.5,-70.7890625
379,-2,18900,AMETHYSTS,9998,2,9995.0,22.0,,,10005,22,,,,,10001.5,-86.0
380,-2,19000,STARFRUIT,4995,28,,,,,4996,10,5002.0,28.0,,,4995.5,-85.375
381,-2,19000,AMETHYSTS,9996,2,9995.0,26.0,,,10004,2,10005.0,26.0,,,10000.0,-86.0
382,-2,19100,STARFRUIT,4996,2,4995.0,26.0,,,5002,28,,,,,4999.0,-83.1640625
383,-2,19100,AMETHYSTS,9996,2,9995.0,26.0,,,10004,2,10005.0,26.0,,,10000.0,-86.0
384,-2,19200,AMETHYSTS,9996,1,9995.0,20.0,,,9998,1,10004.0,1.0,10005.0,20.0,9997.0,-86.0
385,-2,19200,STARFRUIT,4996,21,,,,,5002,1,5003.0,20.0,,,4999.0,-76.96875
386,-2,19300,STARFRUIT,4996,23,,,,,5002,2,5003.0,21.0,,,4999.0,-78.2734375
387,-2,19300,AMETHYSTS,9996,2,9995.0,21.0,,,10004,2,10005.0,21.0,,,10000.0,-86.0
388,-2,19400,STARFRUIT,4995,26,,,,,5002,26,,,,,4998.5,-83.375
389,-2,19400,AMETHYSTS,9995,26,,,,,10005,26,,,,,10000.0,-86.0
390,-2,19500,STARFRUIT,4995,23,,,,,5002,23,,,,,4998.5,-79.3359375
391,-2,19500,AMETHYSTS,9995,23,,,,,10005,23,,,,,10000.0,-86.0
392,-2,19600,AMETHYSTS,9996,2,9995.0,27.0,,,10004,2,10005.0,27.0,,,10000.0,-86.0
393,-2,19600,STARFRUIT,4997,2,4996.0,27.0,,,5003,29,,,,,5000.0,-65.296875
394,-2,19700,STARFRUIT,4997,1,4996.0,30.0,,,5001,7,5003.0,32.0,,,4999.0,-63.84375
395,-2,19700,AMETHYSTS,10002,1,9996.0,2.0,9995.0,30.0,10004,2,10005.0,30.0,,,10003.0,-86.0
396,-2,19800,STARFRUIT,4996,31,,,,,5003,31,,,,,4999.5,-71.8984375
397,-2,19800,AMETHYSTS,9996,2,9995.0,29.0,,,10004,2,10005.0,29.0,,,10000.0,-86.0
398,-2,19900,STARFRUIT,4997,2,4996.0,30.0,,,5003,32,,,,,5000.0,-61.546875
399,-2,19900,AMETHYSTS,9996,2,9995.0,30.0,,,10004,2,10005.0,30.0,,,10000.0,-86.0
400,-2,20000,AMETHYSTS,9995,27,,,,,10002,4,10005.0,27.0,,,9998.5,-86.0
401,-2,20000,STARFRUIT,4997,2,4996.0,27.0,,,5003,27,,,,,5000.0,-75.03125
402,-2,20100,STARFRUIT,4996,31,,,,,5001,4,5003.0,31.0,,,4998.5,-71.4296875
403,-2,20100,AMETHYSTS,10002,1,9996.0,1.0,9995.0,30.0,10004,1,10005.0,30.0,,,10003.0,-86.0
404,-2,20200,STARFRUIT,4996,29,,,,,5003,29,,,,,4999.5,-75.625
405,-2,20200,AMETHYSTS,9995,29,,,,,9998,1,10005.0,29.0,,,9996.5,-86.0
406,-2,20300,STARFRUIT,4996,27,,,,,4997,1,5003.0,27.0,,,4996.5,-68.9609375
407,-2,20300,AMETHYSTS,9995,27,,,,,10005,27,,,,,10000.0,-86.0
408,-2,20400,AMETHYSTS,9996,1,9995.0,28.0,,,10000,4,10004.0,1.0,10005.0,28.0,9998.0,-86.0
409,-2,20400,STARFRUIT,4997,1,4996.0,29.0,,,4999,4,5002.0,1.0,5003.0,28.0,4998.0,-75.0703125
410,-2,20500,STARFRUIT,4999,4,4997.0,5.0,4996.0,32.0,5003,32,,,,,5001.0,-65.5859375
411,-2,20500,AMETHYSTS,10000,3,9996.0,2.0,9995.0,30.0,10004,2,10005.0,30.0,,,10002.0,-86.0
412,-2,20600,STARFRUIT,4997,2,4996.0,26.0,,,5003,28,,,,,5000.0,-63.453125
413,-2,20600,AMETHYSTS,9996,2,9995.0,26.0,,,10004,2,10005.0,26.0,,,10000.0,-86.0
414,-2,20700,STARFRUIT,4999,6,4996.0,22.0,,,5003,22,,,,,5001.0,-75.8515625
415,-2,20700,AMETHYSTS,10002,1,10000.0,6.0,9998.0,4.0,10005,22,,,,,10003.5,-86.0
416,-2,20800,AMETHYSTS,9996,2,9995.0,22.0,,,10004,2,10005.0,22.0,,,10000.0,-86.0
417,-2,20800,STARFRUIT,4995,24,,,,,5002,24,,,,,4998.5,-90.015625
418,-2,20900,STARFRUIT,5000,1,4995.0,23.0,,,5002,23,,,,,5001.0,-92.296875
419,-2,20900,AMETHYSTS,9995,23,,,,,10005,23,,,,,10000.0,-86.0
420,-2,21000,STARFRUIT,4996,2,4995.0,26.0,,,5002,28,,,,,4999.0,-83.03125
421,-2,21000,AMETHYSTS,9996,2,9995.0,26.0,,,10004,2,10005.0,26.0,,,10000.0,-86.0
422,-2,21100,STARFRUIT,4996,2,4995.0,22.0,,,5002,24,,,,,4999.0,-82.140625
423,-2,21100,AMETHYSTS,9996,2,9995.0,22.0,,,10004,2,10005.0,22.0,,,10000.0,-86.0
424,-2,21200,AMETHYSTS,9995,22,,,,,9998,1,10005.0,22.0,,,9996.5,-86.0
425,-2,21200,STARFRUIT,4995,22,,,,,5002,22,,,,,4998.5,-81.671875
426,-2,21300,STARFRUIT,4996,1,4995.0,29.0,,,5002,30,,,,,4999.0,-83.375
427,-2,21300,AMETHYSTS,9996,1,9995.0,29.0,,,10002,7,10004.0,1.0,10005.0,29.0,9999.0,-86.0
428,-2,21400,STARFRUIT,4996,28,,,,,5003,28,,,,,4999.5,-78.09375
429,-2,21400,AMETHYSTS,9995,28,,,,,10005,28,,,,,10000.0,-86.0
430,-2,21500,STARFRUIT,5000,4,4996.0,21.0,,,5002,1,5003.0,20.0,,,5001.0,-75.40625
431,-2,21500,AMETHYSTS,9996,1,9995.0,20.0,,,10004,1,10005.0,20.0,,,10000.0,-86.0
432,-2,21600,AMETHYSTS,10002,12,9996.0,2.0,9995.0,25.0,10004,2,10005.0,25.0,,,10003.0,-86.0
433,-2,21600,STARFRUIT,4996,27,,,,,5003,27,,,,,4999.5,-73.40625
434,-2,21700,STARFRUIT,4996,2,4995.0,29.0,,,5002,31,,,,,4999.0,-80.484375
435,-2,21700,AMETHYSTS,9998,8,9996.0,2.0,9995.0,29.0,10004,2,10005.0,29.0,,,10001.0,-86.0
436,-2,21800,STARFRUIT,4996,24,,,,,5003,24,,,,,4999.5,-71.984375
437,-2,21800,AMETHYSTS,9996,2,9995.0,22.0,,,10004,2,10005.0,22.0,,,10000.0,-86.0
438,-2,21900,STARFRUIT,4997,1,4996.0,21.0,,,5003,22,,,,,5000.0,-62.21875
439,-2,21900,AMETHYSTS,10002,3,9996.0,1.0,9995.0,21.0,10004,1,10005.0,21.0,,,10003.0,-86.0
440,-2,22000,AMETHYSTS,9995,21,,,,,10005,21,,,,,10000.0,-86.0
441,-2,22000,STARFRUIT,4996,21,,,,,5003,21,,,,,4999.5,-71.5703125
442,-2,22100,STARFRUIT,4997,23,,,,,5004,24,,,,,5000.5,-55.078125
443,-2,22100,AMETHYSTS,9996,2,9995.0,22.0,,,10002,7,10004.0,2.0,10005.0,22.0,9999.0,-86.0
444,-2,22200,STARFRUIT,4997,21,,,,,5004,21,,,,,5000.5,-49.90625
445,-2,22200,AMETHYSTS,9998,6,9996.0,1.0,9995.0,20.0,10004,1,10005.0,20.0,,,10001.0,-86.0
446,-2,22300,STARFRUIT,4997,29,,,,,5004,29,,,,,5000.5,-53.421875
447,-2,22300,AMETHYSTS,9996,1,9995.0,28.0,,,10004,1,10005.0,28.0,,,10000.0,-86.0
448,-2,22400,AMETHYSTS,9996,2,9995.0,27.0,,,9998,1,10004.0,2.0,10005.0,27.0,9997.0,-86.0
449,-2,22400,STARFRUIT,4996,29,,,,,5003,29,,,,,4999.5,-67.1015625
450,-2,22500,STARFRUIT,4997,2,4996.0,29.0,,,5003,31,,,,,5000.0,-62.40625
451,-2,22500,AMETHYSTS,9996,2,9995.0,29.0,,,10004,2,10005.0,29.0,,,10000.0,-86.0
452,-2,22600,STARFRUIT,5000,6,4998.0,4.0,4997.0,22.0,5003,2,5004.0,20.0,,,5001.5,-58.4140625
453,-2,22600,AMETHYSTS,10000,6,9998.0,6.0,9996.0,2.0,10004,2,10005.0,20.0,,,10002.0,-86.0
454,-2,22700,STARFRUIT,4997,1,4996.0,24.0,,,5003,26,,,,,5000.0,-62.703125
455,-2,22700,AMETHYSTS,9996,2,9995.0,24.0,,,10004,2,10005.0,24.0,,,10000.0,-86.0
456,-2,22800,AMETHYSTS,9996,1,9995.0,27.0,,,9998,2,10004.0,1.0,10005.0,27.0,9997.0,-86.0
457,-2,22800,STARFRUIT,4996,27,,,,,5002,1,5003.0,27.0,,,4999.0,-75.5546875
458,-2,22900,STARFRUIT,4996,32,,,,,5003,32,,,,,4999.5,-67.515625
459,-2,22900,AMETHYSTS,9996,2,9995.0,30.0,,,10002,8,10004.0,2.0,10005.0,30.0,9999.0,-86.0
460,-2,23000,STARFRUIT,4996,22,,,,,5003,22,,,,,4999.5,-71.7421875
461,-2,23000,AMETHYSTS,9996,1,9995.0,21.0,,,10004,1,10005.0,21.0,,,10000.0,-86.0
462,-2,23100,STARFRUIT,4996,23,,,,,5003,23,,,,,4999.5,-75.140625
463,-2,23100,AMETHYSTS,9998,8,9995.0,23.0,,,10005,23,,,,,10001.5,-86.0
464,-2,23200,AMETHYSTS,9998,5,9996.0,2.0,9995.0,29.0,10004,2,10005.0,29.0,,,10001.0,-86.0
465,-2,23200,STARFRUIT,4997,31,,,,,5002,3,5004.0,31.0,,,4999.5,-54.75
466,-2,23300,STARFRUIT,4998,30,,,,,5004,1,5005.0,29.0,,,5001.0,-39.5
467,-2,23300,AMETHYSTS,9996,1,9995.0,29.0,,,10004,1,10005.0,29.0,,,10000.0,-86.0
468,-2,23400,STARFRUIT,4998,30,,,,,5005,30,,,,,5001.5,-32.671875
469,-2,23400,AMETHYSTS,9996,1,9995.0,29.0,,,10004,1,10005.0,29.0,,,10000.0,-86.0
470,-2,23500,AMETHYSTS,9998,8,9996.0,2.0,9995.0,28.0,10004,2,10005.0,28.0,,,10001.0,-86.0
471,-2,23500,STARFRUIT,4998,29,,,,,5003,4,5005.0,30.0,,,5000.5,-35.953125
472,-2,23600,STARFRUIT,4998,27,,,,,5005,27,,,,,5001.5,-31.3125
473,-2,23600,AMETHYSTS,9995,27,,,,,10005,27,,,,,10000.0,-86.0
474,-2,23700,STARFRUIT,4997,23,,,,,5002,7,5004.0,23.0,,,4999.5,-47.6875
475,-2,23700,AMETHYSTS,10002,1,9996.0,2.0,9995.0,21.0,10004,2,10005.0,21.0,,,10003.0,-86.0
476,-2,23800,STARFRUIT,5003,1,4997.0,30.0,,,5004,30,,,,,5003.5,-46.9375
477,-2,23800,AMETHYSTS,9995,30,,,,,10005,30,,,,,10000.0,-86.0
478,-2,23900,AMETHYSTS,9995,30,,,,,10005,30,,,,,10000.0,-86.0
479,-2,23900,STARFRUIT,5002,1,4998.0,1.0,4997.0,30.0,5004,30,,,,,5003.0,-52.40625
480,-2,24000,STARFRUIT,4996,29,,,,,5003,29,,,,,4999.5,-61.640625
481,-2,24000,AMETHYSTS,9998,9,9995.0,29.0,,,10005,29,,,,,10001.5,-86.0
482,-2,24100,STARFRUIT,4996,26,,,,,5001,3,5003.0,26.0,,,4998.5,-73.0078125
483,-2,24100,AMETHYSTS,9996,1,9995.0,25.0,,,10004,1,10005.0,25.0,,,10000.0,-86.0
484,-2,24200,STARFRUIT,4996,30,,,,,5003,30,,,,,4999.5,-69.25
485,-2,24200,AMETHYSTS,9996,2,9995.0,28.0,,,10002,6,10004.0,2.0,10005.0,28.0,9999.0,-86.0
486,-2,24300,AMETHYSTS,9996,2,9995.0,24.0,,,10002,1,10004.0,2.0,10005.0,24.0,9999.0,-86.0
487,-2,24300,STARFRUIT,4996,26,,,,,5003,26,,,,,4999.5,-68.625
488,-2,24400,STARFRUIT,5002,1,4996.0,22.0,,,5003,22,,,,,5002.5,-67.4921875
489,-2,24400,AMETHYSTS,10002,1,9998.0,4.0,9996.0,1.0,10004,1,10005.0,21.0,,,10003.0,-86.0
490,-2,24500,STARFRUIT,4997,1,4996.0,25.0,,,5003,26,,,,,5000.0,-61.46875
491,-2,24500,AMETHYSTS,10002,1,9996.0,1.0,9995.0,25.0,10004,1,10005.0,25.0,,,10003.0,-86.0
492,-2,24600,STARFRUIT,4996,24,,,,,5001,2,5003.0,24.0,,,4998.5,-67.546875
493,-2,24600,AMETHYSTS,9995,24,,,,,9998,2,10005.0,24.0,,,9996.5,-86.0
494,-2,24700,AMETHYSTS,9995,25,,,,,10005,25,,,,,10000.0,-86.0
495,-2,24700,STARFRUIT,4996,25,,,,,5003,25,,,,,4999.5,-76.421875
496,-2,24800,STARFRUIT,4995,23,,,,,5002,23,,,,,4998.5,-89.1796875
497,-2,24800,AMETHYSTS,9995,23,,,,,10005,23,,,,,10000.0,-86.0
498,-2,24900,STARFRUIT,4999,4,4995.0,23.0,,,5002,23,,,,,5000.5,-91.59375
499,-2,24900,AMETHYSTS,10002,1,9996.0,1.0,9995.0,22.0,10004,1,10005.0,22.0,,,10003.0,-86.0
500,-2,25000,STARFRUIT,4995,23,,,,,5002,23,,,,,4998.5,-86.15625
501,-2,25000,AMETHYSTS,9995,23,,,,,10005,23,,,,,10000.0,-86.0
502,-2,25100,AMETHYSTS,10002,1,9995.0,25.0,,,10005,25,,,,,10003.5,-86.0
503,-2,25100,STARFRUIT,4995,25,,,,,5000,4,5002.0,25.0,,,4997.5,-87.2421875
504,-2,25200,STARFRUIT,4996,1,4995.0,24.0,,,5000,3,5002.0,25.0,,,4998.0,-82.65625
505,-2,25200,AMETHYSTS,9996,1,9995.0,24.0,,,9998,5,10004.0,1.0,10005.0,24.0,9997.0,-86.0
506,-2,25300,STARFRUIT,4996,2,4995.0,24.0,,,5002,24,,,,,4999.0,-91.140625
507,-2,25300,AMETHYSTS,9996,2,9995.0,22.0,,,10004,2,10005.0,22.0,,,10000.0,-86.0
508,-2,25400,AMETHYSTS,9996,1,9995.0,29.0,,,10004,1,10005.0,29.0,,,10000.0,-86.0
509,-2,25400,STARFRUIT,5000,8,4995.0,30.0,,,5001,1,5002.0,29.0,,,5000.5,-94.5234375
510,-2,25500,AMETHYSTS,9996,1,9995.0,20.0,,,9998,6,10002.0,9.0,10004.0,1.0,9997.0,-86.0
511,-2,25500,STARFRUIT,4995,1,4994.0,20.0,,,5001,21,,,,,4998.0,-100.0234375
512,-2,25600,STARFRUIT,4995,8,4994.0,23.0,,,5001,23,,,,,4998.0,-108.984375
513,-2,25600,AMETHYSTS,9996,1,9995.0,22.0,,,10002,7,10004.0,1.0,10005.0,22.0,9999.0,-86.0
514,-2,25700,AMETHYSTS,9996,2,9995.0,30.0,,,10004,2,10005.0,30.0,,,10000.0,-86.0
515,-2,25700,STARFRUIT,4995,32,,,,,5000,6,5001.0,2.0,5002.0,30.0,4997.5,-95.671875
516,-2,25800,AMETHYSTS,10002,4,9995.0,24.0,,,10005,24,,,,,10003.5,-86.0
517,-2,25800,STARFRUIT,4995,23,,,,,5002,24,,,,,4998.5,-89.5703125
518,-2,25900,AMETHYSTS,9996,2,9995.0,23.0,,,10004,2,10005.0,23.0,,,10000.0,-86.0
519,-2,25900,STARFRUIT,4995,25,,,,,5001,2,5002.0,23.0,,,4998.0,-95.046875
520,-2,26000,STARFRUIT,4994,27,,,,,4995,5,5001.0,29.0,,,4994.5,-100.5625
521,-2,26000,AMETHYSTS,9996,2,9995.0,27.0,,,10004,2,10005.0,27.0,,,10000.0,-86.0
522,-2,26100,AMETHYSTS,9998,7,9995.0,20.0,,,10005,20,,,,,10001.5,-86.0
523,-2,26100,STARFRUIT,4994,20,,,,,5001,20,,,,,4997.5,-100.984375
524,-2,26200,AMETHYSTS,9996,1,9995.0,22.0,,,10004,1,10005.0,22.0,,,10000.0,-86.0
525,-2,26200,STARFRUIT,4994,23,,,,,5000,1,5001.0,22.0,,,4997.0,-111.3359375
526,-2,26300,AMETHYSTS,9996,1,9995.0,29.0,,,9998,1,10004.0,1.0,10005.0,29.0,9997.0,-86.0
527,-2,26300,STARFRUIT,4994,30,,,,,5001,30,,,,,4997.5,-108.2265625
528,-2,26400,STARFRUIT,4994,5,4993.0,22.0,,,5000,22,,,,,4997.0,-117.515625
529,-2,26400,AMETHYSTS,9995,22,,,,,10005,22,,,,,10000.0,-86.0
530,-2,26500,AMETHYSTS,9996,1,9995.0,23.0,,,10004,1,10005.0,23.0,,,10000.0,-86.0
531,-2,26500,STARFRUIT,4993,24,,,,,5000,24,,,,,4996.5,-120.1875
532,-2,26600,AMETHYSTS,9996,2,9995.0,28.0,,,9998,1,10004.0,2.0,10005.0,28.0,9997.0,-86.0
533,-2,26600,STARFRUIT,4994,6,4993.0,30.0,,,5000,30,,,,,4997.0,-127.5390625
534,-2,26700,AMETHYSTS,9998,2,9996.0,1.0,9995.0,23.0,10004,1,10005.0,23.0,,,10001.0,-86.0
535,-2,26700,STARFRUIT,4993,24,,,,,4998,6,4999.0,1.0,5000.0,23.0,4995.5,-131.0
536,-2,26800,STARFRUIT,4998,1,4992.0,30.0,,,4999,30,,,,,4998.5,-140.546875
537,-2,26800,AMETHYSTS,9996,2,9995.0,28.0,,,10004,2,10005.0,28.0,,,10000.0,-86.0
538,-2,26900,AMETHYSTS,10002,1,9995.0,30.0,,,10005,30,,,,,10003.5,-86.0
539,-2,26900,STARFRUIT,4991,30,,,,,4992,1,4998.0,30.0,,,4991.5,-151.8359375
540,-2,27000,AMETHYSTS,9995,28,,,,,10002,1,10005.0,28.0,,,9998.5,-86.0
541,-2,27000,STARFRUIT,4992,2,4991.0,28.0,,,4998,28,,,,,4995.0,-158.765625
542,-2,27100,AMETHYSTS,9995,24,,,,,10005,24,,,,,10000.0,-86.0
543,-2,27100,STARFRUIT,4992,3,4991.0,24.0,,,4998,24,,,,,4995.0,-163.65625
544,-2,27200,STARFRUIT,4991,21,,,,,4996,2,4998.0,21.0,,,4993.5,-165.78125
545,-2,27200,AMETHYSTS,9998,2,9995.0,21.0,,,10005,21,,,,,10001.5,-86.0
546,-2,27300,AMETHYSTS,9996,2,9995.0,29.0,,,10004,2,10005.0,29.0,,,10000.0,-86.0
547,-2,27300,STARFRUIT,4996,1,4991.0,31.0,,,4997,2,4998.0,29.0,,,4996.5,-165.296875
548,-2,27400,AMETHYSTS,9995,21,,,,,10005,21,,,,,10000.0,-86.0
549,-2,27400,STARFRUIT,4991,21,,,,,4998,21,,,,,4994.5,-154.375
550,-2,27500,AMETHYSTS,9996,1,9995.0,22.0,,,10004,1,10005.0,22.0,,,10000.0,-86.0
551,-2,27500,STARFRUIT,4992,23,,,,,4997,6,4998.0,1.0,4999.0,22.0,4994.5,-148.578125
552,-2,27600,STARFRUIT,4993,6,4992.0,24.0,,,4999,24,,,,,4996.0,-150.390625
553,-2,27600,AMETHYSTS,9998,5,9995.0,24.0,,,10005,24,,,,,10001.5,-86.0
554,-2,27700,STARFRUIT,4992,24,,,,,4993,5,4999.0,24.0,,,4992.5,-145.2109375
555,-2,27700,AMETHYSTS,9995,24,,,,,10005,24,,,,,10000.0,-86.0
556,-2,27800,AMETHYSTS,9998,9,9996.0,2.0,9995.0,26.0,10004,2,10005.0,26.0,,,10001.0,-86.0
557,-2,27800,STARFRUIT,4992,28,,,,,4997,3,4998.0,2.0,4999.0,26.0,4994.5,-150.1640625
558,-2,27900,STARFRUIT,4998,1,4992.0,29.0,,,4999,29,,,,,4998.5,-139.796875
559,-2,27900,AMETHYSTS,9996,2,9995.0,27.0,,,10002,4,10004.0,2.0,10005.0,27.0,9999.0,-86.0
560,-2,28000,STARFRUIT,4992,28,,,,,4999,28,,,,,4995.5,-135.875
561,-2,28000,AMETHYSTS,9998,2,9995.0,28.0,,,10005,28,,,,,10001.5,-86.0
562,-2,28100,STARFRUIT,4992,26,,,,,4999,26,,,,,4995.5,-145.6015625
563,-2,28100,AMETHYSTS,9996,2,9995.0,24.0,,,10004,2,10005.0,24.0,,,10000.0,-86.0
564,-2,28200,AMETHYSTS,9996,1,9995.0,25.0,,,9998,2,10004.0,1.0,10005.0,25.0,9997.0,-86.0
565,-2,28200,STARFRUIT,4992,26,,,,,4997,5,4999.0,26.0,,,4994.5,-140.203125
566,-2,28300,STARFRUIT,4993,1,4992.0,23.0,,,4994,2,4999.0,24.0,,,4993.5,-134.375
567,-2,28300,AMETHYSTS,9996,1,9995.0,23.0,,,10004,1,10005.0,23.0,,,10000.0,-86.0
568,-2,28400,STARFRUIT,4992,1,4991.0,23.0,,,4998,25,,,,,4995.0,-153.625
569,-2,28400,AMETHYSTS,9996,2,9995.0,23.0,,,10004,2,10005.0,23.0,,,10000.0,-86.0
570,-2,28500,STARFRUIT,4991,23,,,,,4998,23,,,,,4994.5,-159.0
571,-2,28500,AMETHYSTS,9998,10,9995.0,23.0,,,10005,23,,,,,10001.5,-86.0
572,-2,28600,AMETHYSTS,10002,1,9996.0,2.0,9995.0,21.0,10004,2,10005.0,21.0,,,10003.0,-86.0
573,-2,28600,STARFRUIT,4991,23,,,,,4996,8,4998.0,23.0,,,4993.5,-162.40625
574,-2,28700,STARFRUIT,4990,30,,,,,4997,30,,,,,4993.5,-176.2421875
575,-2,28700,AMETHYSTS,9995,30,,,,,10005,30,,,,,10000.0,-86.0
576,-2,28800,STARFRUIT,4990,27,,,,,4997,27,,,,,4993.5,-183.8984375
577,-2,28800,AMETHYSTS,9995,27,,,,,10005,27,,,,,10000.0,-86.0
578,-2,28900,STARFRUIT,4990,5,4989.0,21.0,,,4996,22,,,,,4993.0,-190.703125
579,-2,28900,AMETHYSTS,9998,7,9996.0,1.0,9995.0,21.0,10004,1,10005.0,21.0,,,10001.0,-86.0
580,-2,29000,AMETHYSTS,9995,24,,,,,10005,24,,,,,10000.0,-86.0
581,-2,29000,STARFRUIT,4989,24,,,,,4990,1,4996.0,24.0,,,4989.5,-187.0859375
582,-2,29100,STARFRUIT,4991,3,4990.0,28.0,,,4996,2,4997.0,26.0,,,4993.5,-184.9453125
583,-2,29100,AMETHYSTS,9996,2,9995.0,26.0,,,10004,2,10005.0,26.0,,,10000.0,-86.0
584,-2,29200,STARFRUIT,4996,1,4991.0,31.0,,,4997,1,4998.0,30.0,,,4996.5,-166.15625
585,-2,29200,AMETHYSTS,9996,1,9995.0,30.0,,,10004,1,10005.0,30.0,,,10000.0,-86.0
586,-2,29300,STARFRUIT,4991,32,,,,,4995,2,4997.0,32.0,,,4993.0,-168.9921875
587,-2,29300,AMETHYSTS,9996,2,9995.0,30.0,,,10002,3,10004.0,2.0,10005.0,30.0,9999.0,-86.0
588,-2,29400,AMETHYSTS,10002,1,9996.0,1.0,9995.0,25.0,10004,1,10005.0,25.0,,,10003.0,-86.0
589,-2,29400,STARFRUIT,4991,25,,,,,4998,26,,,,,4994.5,-160.75
590,-2,29500,STARFRUIT,4992,2,4991.0,29.0,,,4998,29,,,,,4995.0,-160.1953125
591,-2,29500,AMETHYSTS,9996,2,9995.0,27.0,,,10004,2,10005.0,27.0,,,10000.0,-86.0
592,-2,29600,STARFRUIT,4991,30,,,,,4996,3,4998.0,30.0,,,4993.5,-158.265625
593,-2,29600,AMETHYSTS,9996,2,9995.0,28.0,,,10004,2,10005.0,28.0,,,10000.0,-86.0
594,-2,29700,STARFRUIT,4992,2,4991.0,26.0,,,4997,1,4998.0,25.0,,,4994.5,-166.59375
595,-2,29700,AMETHYSTS,9996,1,9995.0,25.0,,,10002,4,10004.0,1.0,10005.0,25.0,9999.0,-86.0
596,-2,29800,AMETHYSTS,9998,6,9996.0,1.0,9995.0,30.0,10004,1,10005.0,30.0,,,10001.0,-86.0
597,-2,29800,STARFRUIT,4990,31,,,,,4995,1,4997.0,31.0,,,4992.5,-180.296875
598,-2,29900,STARFRUIT,4991,8,4990.0,21.0,,,4997,21,,,,,4994.0,-185.796875
599,-2,29900,AMETHYSTS,9995,21,,,,,10005,21,,,,,10000.0,-86.0
600,-2,30000,STARFRUIT,4990,31,,,,,4997,31,,,,,4993.5,-180.359375
601,-2,30000,AMETHYSTS,9998,3,9996.0,1.0,9995.0,30.0,10004,1,10005.0,30.0,,,10001.0,-86.0
602,-2,30100,STARFRUIT,4991,30,,,,,4997,30,,,,,4994.0,-169.03125
603,-2,30100,AMETHYSTS,9996,2,9995.0,28.0,,,10004,2,10005.0,28.0,,,10000.0,-86.0
604,-2,30200,AMETHYSTS,9996,2,9995.0,20.0,,,10004,2,10005.0,20.0,,,10000.0,-86.0
605,-2,30200,STARFRUIT,4991,22,,,,,4997,2,4998.0,20.0,,,4994.0,-164.71875
606,-2,30300,STARFRUIT,4996,1,4991.0,31.0,,,4998,31,,,,,4997.0,-161.171875
607,-2,30300,AMETHYSTS,9996,2,9995.0,29.0,,,10002,9,10004.0,2.0,10005.0,29.0,9999.0,-86.0
608,-2,30400,STARFRUIT,4994,5,4991.0,31.0,,,4997,2,4998.0,29.0,,,4995.5,-167.1875
609,-2,30400,AMETHYSTS,10000,5,9996.0,2.0,9995.0,29.0,10002,8,10004.0,2.0,10005.0,29.0,10001.0,-86.0
610,-2,30500,STARFRUIT,4991,22,,,,,4998,22,,,,,4994.5,-156.2109375
611,-2,30500,AMETHYSTS,9998,5,9996.0,2.0,9995.0,20.0,10004,2,10005.0,20.0,,,10001.0,-86.0
612,-2,30600,AMETHYSTS,9996,2,9995.0,20.0,,,10002,4,10004.0,2.0,10005.0,20.0,9999.0,-86.0
613,-2,30600,STARFRUIT,4992,21,,,,,4998,2,4999.0,20.0,,,4995.0,-146.59375
614,-2,30700,STARFRUIT,4992,30,,,,,4999,30,,,,,4995.5,-150.421875
615,-2,30700,AMETHYSTS,9995,30,,,,,10005,30,,,,,10000.0,-86.0
616,-2,30800,STARFRUIT,4993,3,4992.0,31.0,,,4998,1,4999.0,30.0,,,4995.5,-150.765625
617,-2,30800,AMETHYSTS,9996,1,9995.0,30.0,,,10004,1,10005.0,30.0,,,10000.0,-86.0
618,-2,30900,STARFRUIT,4991,30,,,,,4996,7,4998.0,30.0,,,4993.5,-157.9140625
619,-2,30900,AMETHYSTS,9996,2,9995.0,28.0,,,10002,6,10004.0,2.0,10005.0,28.0,9999.0,-86.0
620,-2,31000,AMETHYSTS,10000,4,9996.0,1.0,9995.0,22.0,10004,1,10005.0,22.0,,,10002.0,-86.0
621,-2,31000,STARFRUIT,4995,4,4993.0,7.0,4992.0,23.0,4998,1,4999.0,22.0,,,4996.5,-147.4140625
622,-2,31100,STARFRUIT,4992,29,,,,,4999,29,,,,,4995.5,-144.5234375
623,-2,31100,AMETHYSTS,9996,2,9995.0,27.0,,,10004,2,10005.0,27.0,,,10000.0,-86.0
624,-2,31200,STARFRUIT,4992,31,,,,,4999,31,,,,,4995.5,-145.21875
625,-2,31200,AMETHYSTS,9996,2,9995.0,29.0,,,10002,6,10004.0,2.0,10005.0,29.0,9999.0,-86.0
626,-2,31300,STARFRUIT,4992,24,,,,,4999,24,,,,,4995.5,-142.3125
627,-2,31300,AMETHYSTS,9996,1,9995.0,23.0,,,10004,1,10005.0,23.0,,,10000.0,-86.0
628,-2,31400,AMETHYSTS,9995,26,,,,,9998,1,10005.0,26.0,,,9996.5,-86.0
629,-2,31400,STARFRUIT,4992,26,,,,,4999,26,,,,,4995.5,-139.171875
630,-2,31500,STARFRUIT,4993,5,4992.0,30.0,,,4999,30,,,,,4996.0,-142.1328125
631,-2,31500,AMETHYSTS,9995,30,,,,,10005,30,,,,,10000.0,-86.0
632,-2,31600,STARFRUIT,4997,1,4992.0,27.0,,,4998,27,,,,,4997.5,-151.046875
633,-2,31600,AMETHYSTS,9995,27,,,,,10005,27,,,,,10000.0,-86.0
634,-2,31700,STARFRUIT,4991,24,,,,,4996,3,4998.0,24.0,,,4993.5,-160.2578125
635,-2,31700,AMETHYSTS,9996,2,9995.0,22.0,,,10004,2,10005.0,22.0,,,10000.0,-86.0
636,-2,31800,AMETHYSTS,10000,6,9996.0,1.0,9995.0,25.0,10004,1,10005.0,25.0,,,10002.0,-86.0
637,-2,31800,STARFRUIT,4993,6,4991.0,1.0,4990.0,25.0,4997,26,,,,,4995.0,-172.71875
638,-2,31900,STARFRUIT,4991,4,4990.0,28.0,,,4997,28,,,,,4994.0,-169.4296875
639,-2,31900,AMETHYSTS,9998,3,9995.0,28.0,,,10005,28,,,,,10001.5,-86.0
640,-2,32000,STARFRUIT,4992,3,4991.0,24.0,,,4998,25,,,,,4995.0,-153.5546875
641,-2,32000,AMETHYSTS,9996,1,9995.0,24.0,,,10004,1,10005.0,24.0,,,10000.0,-86.0
642,-2,32100,STARFRUIT,4991,29,,,,,4997,1,4998.0,28.0,,,4994.0,-165.7421875
643,-2,32100,AMETHYSTS,9996,1,9995.0,28.0,,,10004,1,10005.0,28.0,,,10000.0,-86.0
644,-2,32200,STARFRUIT,4991,28,,,,,4997,1,4998.0,27.0,,,4994.0,-164.765625
645,-2,32200,AMETHYSTS,9996,1,9995.0,27.0,,,10004,1,10005.0,27.0,,,10000.0,-86.0
646,-2,32300,STARFRUIT,4991,25,,,,,4998,25,,,,,4994.5,-161.8359375
647,-2,32300,AMETHYSTS,9995,25,,,,,10005,25,,,,,10000.0,-86.0
648,-2,32400,STARFRUIT,4991,30,,,,,4997,1,4998.0,30.0,,,4994.0,-168.90625
649,-2,32400,AMETHYSTS,9996,1,9995.0,30.0,,,10004,1,10005.0,30.0,,,10000.0,-86.0
650,-2,32500,AMETHYSTS,9998,1,9996.0,1.0,9995.0,21.0,10004,1,10005.0,21.0,,,10001.0,-86.0
651,-2,32500,STARFRUIT,4991,21,,,,,4996,5,4997.0,1.0,4998.0,21.0,4993.5,-167.453125
652,-2,32600,STARFRUIT,4990,30,,,,,4997,30,,,,,4993.5,-175.3203125
653,-2,32600,AMETHYSTS,10002,1,9995.0,30.0,,,10005,30,,,,,10003.5,-86.0
654,-2,32700,STARFRUIT,4991,24,,,,,4997,2,4998.0,22.0,,,4994.0,-166.7421875
655,-2,32700,AMETHYSTS,9996,2,9995.0,22.0,,,10004,2,10005.0,22.0,,,10000.0,-86.0
656,-2,32800,STARFRUIT,4991,2,4990.0,28.0,,,4997,30,,,,,4994.0,-171.015625
657,-2,32800,AMETHYSTS,9996,2,9995.0,28.0,,,10004,2,10005.0,28.0,,,10000.0,-86.0
658,-2,32900,AMETHYSTS,9996,2,9995.0,27.0,,,10004,2,10005.0,27.0,,,10000.0,-86.0
659,-2,32900,STARFRUIT,4991,2,4990.0,27.0,,,4997,29,,,,,4994.0,-170.296875
660,-2,33000,STARFRUIT,4996,1,4991.0,30.0,,,4997,2,4998.0,28.0,,,4996.5,-165.4140625
661,-2,33000,AMETHYSTS,9996,2,9995.0,28.0,,,10004,2,10005.0,28.0,,,10000.0,-86.0
662,-2,33100,STARFRUIT,4991,28,,,,,4996,3,4997.0,1.0,4998.0,28.0,4993.5,-168.5078125
663,-2,33100,AMETHYSTS,9996,1,9995.0,28.0,,,10004,1,10005.0,28.0,,,10000.0,-86.0
664,-2,33200,STARFRUIT,4990,20,,,,,4991,10,4997.0,21.0,,,4990.5,-181.359375
665,-2,33200,AMETHYSTS,9996,1,9995.0,20.0,,,10002,7,10004.0,1.0,10005.0,20.0,9999.0,-86.0
666,-2,33300,AMETHYSTS,9996,1,9995.0,20.0,,,10004,1,10005.0,20.0,,,10000.0,-86.0
667,-2,33300,STARFRUIT,4990,21,,,,,4996,1,4997.0,20.0,,,4993.0,-185.171875
668,-2,33400,STARFRUIT,4990,32,,,,,4997,32,,,,,4993.5,-179.71875
669,-2,33400,AMETHYSTS,9996,2,9995.0,30.0,,,10002,3,10004.0,2.0,10005.0,30.0,9999.0,-86.0
670,-2,33500,STARFRUIT,4990,21,,,,,4997,21,,,,,4993.5,-180.34375
671,-2,33500,AMETHYSTS,9996,1,9995.0,20.0,,,10004,1,10005.0,20.0,,,10000.0,-86.0
672,-2,33600,STARFRUIT,4990,27,,,,,4997,27,,,,,4993.5,-178.7109375
673,-2,33600,AMETHYSTS,10002,6,9995.0,27.0,,,10005,27,,,,,10003.5,-86.0
674,-2,33700,AMETHYSTS,9996,1,9995.0,27.0,,,10002,1,10004.0,1.0,10005.0,27.0,9999.0,-86.0
675,-2,33700,STARFRUIT,4991,4,4990.0,28.0,,,4996,1,4997.0,27.0,,,4993.5,-186.4609375
676,-2,33800,STARFRUIT,4994,3,4991.0,5.0,4990.0,26.0,4996,1,4997.0,25.0,,,4995.0,-185.453125
677,-2,33800,AMETHYSTS,9996,1,9995.0,25.0,,,10004,1,10005.0,25.0,,,10000.0,-86.0
678,-2,33900,STARFRUIT,4990,24,,,,,4997,24,,,,,4993.5,-180.25
679,-2,33900,AMETHYSTS,9995,24,,,,,10005,24,,,,,10000.0,-86.0
680,-2,34000,STARFRUIT,4990,29,,,,,4995,8,4997.0,30.0,,,4992.5,-180.0
681,-2,34000,AMETHYSTS,10002,1,9995.0,30.0,,,10005,30,,,,,10003.5,-86.0
682,-2,34100,AMETHYSTS,9996,1,9995.0,22.0,,,10004,1,10005.0,22.0,,,10000.0,-86.0
683,-2,34100,STARFRUIT,4992,2,4991.0,23.0,,,4997,1,4998.0,22.0,,,4994.5,-166.3515625
684,-2,34200,STARFRUIT,4991,23,,,,,4996,1,4998.0,23.0,,,4993.5,-167.859375
685,-2,34200,AMETHYSTS,9995,23,,,,,10005,23,,,,,10000.0,-86.0
686,-2,34300,AMETHYSTS,10002,1,9996.0,1.0,9995.0,22.0,10004,1,10005.0,22.0,,,10003.0,-86.0
687,-2,34300,STARFRUIT,4990,23,,,,,4997,23,,,,,4993.5,-175.328125
688,-2,34400,AMETHYSTS,9996,2,9995.0,23.0,,,10004,2,10005.0,23.0,,,10000.0,-86.0
689,-2,34400,STARFRUIT,4991,3,4990.0,25.0,,,4996,25,,,,,4993.5,-186.9296875
690,-2,34500,AMETHYSTS,9995,30,,,,,10005,30,,,,,10000.0,-86.0
691,-2,34500,STARFRUIT,4990,30,,,,,4991,5,4995.0,1.0,4997.0,30.0,4990.5,-178.6953125
692,-2,34600,STARFRUIT,4990,28,,,,,4997,29,,,,,4993.5,-179.1328125
693,-2,34600,AMETHYSTS,9995,29,,,,,10005,29,,,,,10000.0,-86.0
694,-2,34700,AMETHYSTS,9998,6,9995.0,24.0,,,10005,24,,,,,10001.5,-86.0
695,-2,34700,STARFRUIT,4990,24,,,,,4997,24,,,,,4993.5,-171.8984375
696,-2,34800,AMETHYSTS,9996,2,9995.0,23.0,,,10004,2,10005.0,23.0,,,10000.0,-86.0
697,-2,34800,STARFRUIT,4991,25,,,,,4997,2,4998.0,23.0,,,4994.0,-168.6328125
698,-2,34900,AMETHYSTS,9996,1,9995.0,20.0,,,10004,1,10005.0,20.0,,,10000.0,-86.0
699,-2,34900,STARFRUIT,4991,21,,,,,4998,21,,,,,4994.5,-157.015625
700,-2,35000,STARFRUIT,4997,1,4992.0,20.0,,,4999,20,,,,,4998.0,-147.953125
701,-2,35000,AMETHYSTS,10002,1,9995.0,20.0,,,10005,20,,,,,10003.5,-86.0
702,-2,35100,AMETHYSTS,10002,3,9996.0,2.0,9995.0,29.0,10004,2,10005.0,29.0,,,10003.0,-86.0
703,-2,35100,STARFRUIT,4992,31,,,,,4998,2,4999.0,29.0,,,4995.0,-150.671875
704,-2,35200,AMETHYSTS,9996,2,9995.0,28.0,,,10002,10,10004.0,2.0,10005.0,28.0,9999.0,-86.0
705,-2,35200,STARFRUIT,4993,3,4992.0,30.0,,,4998,2,4999.0,28.0,,,4995.5,-148.7265625
706,-2,35300,AMETHYSTS,9998,6,9996.0,1.0,9995.0,27.0,10004,1,10005.0,27.0,,,10001.0,-86.0
707,-2,35300,STARFRUIT,4992,28,,,,,4993,8,4999.0,28.0,,,4992.5,-140.9609375
708,-2,35400,STARFRUIT,4997,1,4993.0,2.0,4992.0,25.0,4999,25,,,,,4998.0,-149.828125
709,-2,35400,AMETHYSTS,10002,3,9995.0,25.0,,,10005,25,,,,,10003.5,-86.0
710,-2,35500,AMETHYSTS,9996,2,9995.0,26.0,,,10004,2,10005.0,26.0,,,10000.0,-86.0
711,-2,35500,STARFRUIT,4992,28,,,,,4999,28,,,,,4995.5,-139.453125
712,-2,35600,AMETHYSTS,9995,26,,,,,10005,26,,,,,10000.0,-86.0
713,-2,35600,STARFRUIT,4993,26,,,,,5000,26,,,,,4996.5,-130.78125
714,-2,35700,AMETHYSTS,9996,2,9995.0,27.0,,,10004,2,10005.0,27.0,,,10000.0,-86.0
715,-2,35700,STARFRUIT,4993,29,,,,,5000,29,,,,,4996.5,-123.75
716,-2,35800,STARFRUIT,4993,31,,,,,4994,2,5000.0,31.0,,,4993.5,-125.203125
717,-2,35800,AMETHYSTS,9998,7,9996.0,1.0,9995.0,30.0,10004,1,10005.0,30.0,,,10001.0,-86.0
718,-2,35900,AMETHYSTS,9996,2,9995.0,21.0,,,10004,2,10005.0,21.0,,,10000.0,-86.0
719,-2,35900,STARFRUIT,4993,23,,,,,5000,23,,,,,4996.5,-123.0625
720,-2,36000,AMETHYSTS,9995,30,,,,,10002,5,10005.0,30.0,,,9998.5,-86.0
721,-2,36000,STARFRUIT,4993,30,,,,,4998,3,5000.0,30.0,,,4995.5,-131.078125
722,-2,36100,AMETHYSTS,10002,8,9996.0,2.0,9995.0,24.0,10004,2,10005.0,24.0,,,10003.0,-86.0
723,-2,36100,STARFRUIT,4993,26,,,,,4999,2,5000.0,24.0,,,4996.0,-130.671875
724,-2,36200,STARFRUIT,4993,1,4992.0,29.0,,,4999,30,,,,,4996.0,-134.8984375
725,-2,36200,AMETHYSTS,9996,1,9995.0,29.0,,,9998,1,10004.0,1.0,10005.0,29.0,9997.0,-86.0
726,-2,36300,AMETHYSTS,9996,1,9995.0,21.0,,,10004,1,10005.0,21.0,,,10000.0,-86.0
727,-2,36300,STARFRUIT,4993,1,4992.0,21.0,,,4997,6,4999.0,22.0,,,4995.0,-134.2890625
728,-2,36400,AMETHYSTS,9998,1,9996.0,1.0,9995.0,20.0,10004,1,10005.0,20.0,,,10001.0,-86.0
729,-2,36400,STARFRUIT,4998,1,4993.0,3.0,4992.0,21.0,4999,21,,,,,4998.5,-137.8515625
730,-2,36500,AMETHYSTS,9995,25,,,,,10005,25,,,,,10000.0,-86.0
731,-2,36500,STARFRUIT,4992,25,,,,,4994,2,4999.0,25.0,,,4993.0,-135.828125
732,-2,36600,STARFRUIT,4993,29,,,,,5000,29,,,,,4996.5,-127.390625
733,-2,36600,AMETHYSTS,9996,1,9995.0,28.0,,,10004,1,10005.0,28.0,,,10000.0,-86.0
734,-2,36700,STARFRUIT,4992,21,,,,,4999,21,,,,,4995.5,-136.796875
735,-2,36700,AMETHYSTS,9995,21,,,,,10005,21,,,,,10000.0,-86.0
736,-2,36800,AMETHYSTS,9995,30,,,,,10005,30,,,,,10000.0,-86.0
737,-2,36800,STARFRUIT,4993,30,,,,,5000,30,,,,,4996.5,-130.1796875
738,-2,36900,STARFRUIT,4992,27,,,,,4999,27,,,,,4995.5,-144.4609375
739,-2,36900,AMETHYSTS,9996,1,9995.0,26.0,,,10004,1,10005.0,26.0,,,10000.0,-86.0
740,-2,37000,STARFRUIT,4991,25,,,,,4998,25,,,,,4994.5,-159.953125
741,-2,37000,AMETHYSTS,9996,2,9995.0,23.0,,,10004,2,10005.0,23.0,,,10000.0,-86.0
742,-2,37100,STARFRUIT,4992,4,4991.0,23.0,,,4998,23,,,,,4995.0,-160.828125
743,-2,37100,AMETHYSTS,9996,2,9995.0,21.0,,,10004,2,10005.0,21.0,,,10000.0,-86.0
744,-2,37200,AMETHYSTS,9996,1,9995.0,20.0,,,10004,1,10005.0,20.0,,,10000.0,-86.0
745,-2,37200,STARFRUIT,4992,4,4991.0,21.0,,,4998,21,,,,,4995.0,-160.796875
746,-2,37300,STARFRUIT,4992,4,4991.0,28.0,,,4998,28,,,,,4995.0,-157.6328125
747,-2,37300,AMETHYSTS,9996,1,9995.0,27.0,,,9998,10,10002.0,4.0,10004.0,1.0,9997.0,-86.0
748,-2,37400,STARFRUIT,4990,30,,,,,4997,30,,,,,4993.5,-169.453125
749,-2,37400,AMETHYSTS,10002,1,9998.0,2.0,9995.0,30.0,10005,30,,,,,10003.5,-86.0
750,-2,37500,STARFRUIT,4991,2,4990.0,25.0,,,4997,27,,,,,4994.0,-169.8984375
751,-2,37500,AMETHYSTS,9996,2,9995.0,25.0,,,10004,2,10005.0,25.0,,,10000.0,-86.0
752,-2,37600,AMETHYSTS,9995,22,,,,,10002,7,10005.0,22.0,,,9998.5,-86.0
753,-2,37600,STARFRUIT,4991,22,,,,,4997,22,,,,,4994.0,-169.0078125
754,-2,37700,STARFRUIT,4991,24,,,,,4998,24,,,,,4994.5,-160.0234375
755,-2,37700,AMETHYSTS,9996,1,9995.0,23.0,,,10004,1,10005.0,23.0,,,10000.0,-86.0
756,-2,37800,STARFRUIT,4991,24,,,,,4998,25,,,,,4994.5,-160.78125
757,-2,37800,AMETHYSTS,9995,25,,,,,10005,25,,,,,10000.0,-86.0
758,-2,37900,STARFRUIT,4991,25,,,,,4998,25,,,,,4994.5,-157.015625
759,-2,37900,AMETHYSTS,9995,25,,,,,10005,25,,,,,10000.0,-86.0
760,-2,38000,AMETHYSTS,10002,1,9996.0,2.0,9995.0,30.0,10004,2,10005.0,30.0,,,10003.0,-86.0
761,-2,38000,STARFRUIT,4991,32,,,,,4996,4,4998.0,32.0,,,4993.5,-164.0234375
762,-2,38100,STARFRUIT,4991,28,,,,,4997,2,4998.0,26.0,,,4994.0,-165.390625
763,-2,38100,AMETHYSTS,9996,2,9995.0,26.0,,,10002,2,10004.0,2.0,10005.0,26.0,9999.0,-86.0
764,-2,38200,STARFRUIT,4991,28,,,,,4997,1,4998.0,27.0,,,4994.0,-168.5859375
765,-2,38200,AMETHYSTS,9996,1,9995.0,27.0,,,10004,1,10005.0,27.0,,,10000.0,-86.0
766,-2,38300,STARFRUIT,4991,26,,,,,4998,26,,,,,4994.5,-163.5703125
767,-2,38300,AMETHYSTS,9998,5,9995.0,26.0,,,10005,26,,,,,10001.5,-86.0
768,-2,38400,AMETHYSTS,9996,1,9995.0,23.0,,,10000,6,10004.0,1.0,10005.0,23.0,9998.0,-86.0
769,-2,38400,STARFRUIT,4991,1,4990.0,23.0,,,4993,6,4997.0,24.0,,,4992.0,-170.6640625
770,-2,38500,STARFRUIT,4990,21,,,,,4997,21,,,,,4993.5,-176.65625
771,-2,38500,AMETHYSTS,10002,1,9995.0,21.0,,,10005,21,,,,,10003.5,-86.0
772,-2,38600,STARFRUIT,4991,2,4990.0,28.0,,,4997,30,,,,,4994.0,-172.5390625
773,-2,38600,AMETHYSTS,9996,2,9995.0,28.0,,,10004,2,10005.0,28.0,,,10000.0,-86.0
774,-2,38700,STARFRUIT,4991,20,,,,,4998,20,,,,,4994.5,-159.734375
775,-2,38700,AMETHYSTS,9995,20,,,,,10005,20,,,,,10000.0,-86.0
776,-2,38800,AMETHYSTS,9996,1,9995.0,20.0,,,10002,1,10004.0,1.0,10005.0,20.0,9999.0,-86.0
777,-2,38800,STARFRUIT,4991,21,,,,,4993,2,4996.0,1.0,4998.0,21.0,4992.0,-157.015625
778,-2,38900,STARFRUIT,4992,2,4991.0,30.0,,,4996,7,4998.0,32.0,,,4994.0,-154.8515625
779,-2,38900,AMETHYSTS,9996,2,9995.0,30.0,,,10004,2,10005.0,30.0,,,10000.0,-86.0
780,-2,39000,STARFRUIT,4991,23,,,,,4998,23,,,,,4994.5,-157.34375
781,-2,39000,AMETHYSTS,9995,23,,,,,10002,9,10005.0,23.0,,,9998.5,-86.0
782,-2,39100,STARFRUIT,4992,25,,,,,4998,1,4999.0,24.0,,,4995.0,-149.5703125
783,-2,39100,AMETHYSTS,9998,8,9996.0,1.0,9995.0,24.0,10004,1,10005.0,24.0,,,10001.0,-86.0
784,-2,39200,AMETHYSTS,9996,1,9995.0,29.0,,,10004,1,10005.0,29.0,,,10000.0,-86.0
785,-2,39200,STARFRUIT,4992,30,,,,,4997,2,4999.0,30.0,,,4994.5,-145.7109375
786,-2,39300,STARFRUIT,4992,27,,,,,4999,27,,,,,4995.5,-133.3046875
787,-2,39300,AMETHYSTS,9995,27,,,,,10005,27,,,,,10000.0,-86.0
788,-2,39400,STARFRUIT,4993,31,,,,,4998,5,4999.0,1.0,5000.0,30.0,4995.5,-130.953125
789,-2,39400,AMETHYSTS,9996,1,9995.0,30.0,,,10004,1,10005.0,30.0,,,10000.0,-86.0
790,-2,39500,STARFRUIT,4992,27,,,,,4997,3,4999.0,27.0,,,4994.5,-137.765625
791,-2,39500,AMETHYSTS,9995,27,,,,,9998,1,10002.0,2.0,10005.0,27.0,9996.5,-86.0
792,-2,39600,AMETHYSTS,9995,23,,,,,10005,23,,,,,10000.0,-86.0
793,-2,39600,STARFRUIT,4997,4,4992.0,23.0,,,4999,23,,,,,4998.0,-141.859375
794,-2,39700,STARFRUIT,4993,4,4992.0,24.0,,,4998,2,4999.0,22.0,,,4995.5,-148.953125
795,-2,39700,AMETHYSTS,9996,2,9995.0,22.0,,,10004,2,10005.0,22.0,,,10000.0,-86.0
796,-2,39800,STARFRUIT,4991,28,,,,,4998,28,,,,,4994.5,-157.921875
797,-2,39800,AMETHYSTS,9996,1,9995.0,27.0,,,10004,1,10005.0,27.0,,,10000.0,-86.0
798,-2,39900,STARFRUIT,4992,31,,,,,4998,1,4999.0,30.0,,,4995.0,-148.8828125
799,-2,39900,AMETHYSTS,9996,1,9995.0,30.0,,,10002,4,10004.0,1.0,10005.0,30.0,9999.0,-86.0
800,-2,40000,AMETHYSTS,9995,22,,,,,10005,22,,,,,10000.0,-86.0
801,-2,40000,STARFRUIT,4992,22,,,,,4999,22,,,,,4995.5,-143.1171875
802,-2,40100,STARFRUIT,4992,2,4991.0,29.0,,,4998,31,,,,,4995.0,-152.0
803,-2,40100,AMETHYSTS,9996,2,9995.0,29.0,,,10002,8,10004.0,2.0,10005.0,29.0,9999.0,-86.0
804,-2,40200,STARFRUIT,4992,29,,,,,4999,29,,,,,4995.5,-139.2578125
805,-2,40200,AMETHYSTS,9996,1,9995.0,28.0,,,10004,1,10005.0,28.0,,,10000.0,-86.0
806,-2,40300,STARFRUIT,4992,22,,,,,4999,22,,,,,4995.5,-137.515625
807,-2,40300,AMETHYSTS,9995,22,,,,,9998,1,10005.0,22.0,,,9996.5,-86.0
808,-2,40400,AMETHYSTS,9996,1,9995.0,23.0,,,10004,1,10005.0,23.0,,,10000.0,-86.0
809,-2,40400,STARFRUIT,4992,24,,,,,4999,24,,,,,4995.5,-144.390625
810,-2,40500,STARFRUIT,4992,29,,,,,4993,1,4999.0,29.0,,,4992.5,-141.640625
811,-2,40500,AMETHYSTS,10002,1,9996.0,2.0,9995.0,27.0,10004,2,10005.0,27.0,,,10003.0,-86.0
812,-2,40600,STARFRUIT,4993,4,4992.0,26.0,,,4999,26,,,,,4996.0,-142.1484375
813,-2,40600,AMETHYSTS,9996,2,9995.0,24.0,,,10004,2,10005.0,24.0,,,10000.0,-86.0
814,-2,40700,STARFRUIT,4992,22,,,,,4998,2,4999.0,20.0,,,4995.0,-147.6953125
815,-2,40700,AMETHYSTS,9998,7,9996.0,2.0,9995.0,20.0,10004,2,10005.0,20.0,,,10001.0,-86.0
816,-2,40800,AMETHYSTS,9995,27,,,,,10005,27,,,,,10000.0,-86.0
817,-2,40800,STARFRUIT,4991,27,,,,,4998,27,,,,,4994.5,-161.625
818,-2,40900,STARFRUIT,4991,28,,,,,4998,28,,,,,4994.5,-161.3828125
819,-2,40900,AMETHYSTS,9998,10,9996.0,2.0,9995.0,26.0,10004,2,10005.0,26.0,,,10001.0,-86.0
820,-2,41000,STARFRUIT,4991,21,,,,,4992,1,4996.0,3.0,4998.0,21.0,4991.5,-159.3046875
821,-2,41000,AMETHYSTS,9995,21,,,,,10002,10,10005.0,21.0,,,9998.5,-86.0
822,-2,41100,AMETHYSTS,9995,27,,,,,10005,27,,,,,10000.0,-86.0
823,-2,41100,STARFRUIT,4990,27,,,,,4991,1,4992.0,2.0,4997.0,27.0,4990.5,-177.7890625
824,-2,41200,STARFRUIT,4990,29,,,,,4997,29,,,,,4993.5,-173.8359375
825,-2,41200,AMETHYSTS,9995,29,,,,,10005,29,,,,,10000.0,-86.0
826,-2,41300,STARFRUIT,4991,1,4990.0,24.0,,,4995,4,4997.0,25.0,,,4993.0,-169.421875
827,-2,41300,AMETHYSTS,9998,2,9996.0,1.0,9995.0,24.0,10004,1,10005.0,24.0,,,10001.0,-86.0
828,-2,41400,STARFRUIT,4991,2,4990.0,23.0,,,4993,4,4995.0,5.0,4997.0,25.0,4992.0,-172.8046875
829,-2,41400,AMETHYSTS,9998,5,9996.0,2.0,9995.0,23.0,10000,4,10004.0,2.0,10005.0,23.0,9999.0,-86.0
830,-2,41500,AMETHYSTS,9998,8,9996.0,2.0,9995.0,20.0,10004,2,10005.0,20.0,,,10001.0,-86.0
831,-2,41500,STARFRUIT,4991,2,4990.0,20.0,,,4995,1,4997.0,22.0,,,4993.0,-172.015625
832,-2,41600,STARFRUIT,4990,23,,,,,4995,7,4997.0,23.0,,,4992.5,-174.0390625
833,-2,41600,AMETHYSTS,9996,1,9995.0,22.0,,,10004,1,10005.0,22.0,,,10000.0,-86.0
834,-2,41700,STARFRUIT,4993,4,4990.0,21.0,,,4997,21,,,,,4995.0,-180.046875
835,-2,41700,AMETHYSTS,10000,5,9995.0,21.0,,,10005,21,,,,,10002.5,-86.0
836,-2,41800,STARFRUIT,4990,24,,,,,4996,2,4997.0,22.0,,,4993.0,-182.640625
837,-2,41800,AMETHYSTS,9996,2,9995.0,22.0,,,10004,2,10005.0,22.0,,,10000.0,-86.0
838,-2,41900,AMETHYSTS,9996,1,9995.0,21.0,,,9998,4,10004.0,1.0,10005.0,21.0,9997.0,-86.0
839,-2,41900,STARFRUIT,4991,1,4990.0,21.0,,,4995,1,4997.0,22.0,,,4993.0,-172.96875
840,-2,42000,STARFRUIT,4990,31,,,,,4995,5,4996.0,2.0,4997.0,30.0,4992.5,-183.375
841,-2,42000,AMETHYSTS,9996,2,9995.0,30.0,,,10004,2,10005.0,30.0,,,10000.0,-86.0
842,-2,42100,STARFRUIT,4990,23,,,,,4997,23,,,,,4993.5,-181.6875
843,-2,42100,AMETHYSTS,9998,8,9996.0,2.0,9995.0,21.0,10004,2,10005.0,21.0,,,10001.0,-86.0
844,-2,42200,STARFRUIT,4990,28,,,,,4997,28,,,,,4993.5,-180.390625
845,-2,42200,AMETHYSTS,10002,1,9995.0,28.0,,,10005,28,,,,,10003.5,-86.0
846,-2,42300,AMETHYSTS,9995,20,,,,,10005,20,,,,,10000.0,-86.0
847,-2,42300,STARFRUIT,4990,20,,,,,4991,7,4995.0,2.0,4997.0,20.0,4990.5,-185.46875
848,-2,42400,STARFRUIT,4990,1,4989.0,29.0,,,4996,31,,,,,4993.0,-188.640625
849,-2,42400,AMETHYSTS,9996,2,9995.0,29.0,,,10004,2,10005.0,29.0,,,10000.0,-86.0
850,-2,42500,STARFRUIT,4989,24,,,,,4996,24,,,,,4992.5,-198.6796875
851,-2,42500,AMETHYSTS,9995,24,,,,,10002,3,10005.0,24.0,,,9998.5,-86.0
852,-2,42600,STARFRUIT,4989,26,,,,,4996,26,,,,,4992.5,-204.796875
853,-2,42600,AMETHYSTS,9995,26,,,,,10005,26,,,,,10000.0,-86.0
854,-2,42700,AMETHYSTS,9995,26,,,,,10005,26,,,,,10000.0,-86.0
855,-2,42700,STARFRUIT,4989,26,,,,,4996,26,,,,,4992.5,-204.703125
856,-2,42800,STARFRUIT,4989,30,,,,,4996,30,,,,,4992.5,-202.3828125
857,-2,42800,AMETHYSTS,9995,30,,,,,10005,30,,,,,10000.0,-86.0
858,-2,42900,STARFRUIT,4988,25,,,,,4995,25,,,,,4991.5,-208.8203125
859,-2,42900,AMETHYSTS,9995,25,,,,,10005,25,,,,,10000.0,-86.0
860,-2,43000,STARFRUIT,4991,2,4990.0,23.0,,,4996,23,,,,,4993.5,-186.953125
861,-2,43000,AMETHYSTS,9995,23,,,,,10005,23,,,,,10000.0,-86.0
862,-2,43100,AMETHYSTS,9995,21,,,,,10005,21,,,,,10000.0,-86.0
863,-2,43100,STARFRUIT,4989,21,,,,,4996,21,,,,,4992.5,-191.0546875
864,-2,43200,STARFRUIT,4990,1,4989.0,20.0,,,4996,21,,,,,4993.0,-190.15625
865,-2,43200,AMETHYSTS,9996,1,9995.0,20.0,,,10004,1,10005.0,20.0,,,10000.0,-86.0
866,-2,43300,AMETHYSTS,9996,1,9995.0,24.0,,,10004,1,10005.0,24.0,,,10000.0,-86.0
867,-2,43300,STARFRUIT,4989,25,,,,,4994,2,4996.0,25.0,,,4991.5,-191.828125
868,-2,43400,AMETHYSTS,9996,2,9995.0,22.0,,,10004,2,10005.0,22.0,,,10000.0,-86.0
869,-2,43400,STARFRUIT,4994,4,4989.0,24.0,,,4996,24,,,,,4995.0,-194.703125
870,-2,43500,AMETHYSTS,9998,7,9995.0,23.0,,,10005,23,,,,,10001.5,-86.0
871,-2,43500,STARFRUIT,4990,22,,,,,4995,7,4997.0,23.0,,,4992.5,-185.3984375
872,-2,43600,STARFRUIT,4990,5,4989.0,21.0,,,4996,23,,,,,4993.0,-188.8359375
873,-2,43600,AMETHYSTS,9996,2,9995.0,21.0,,,10002,9,10004.0,2.0,10005.0,21.0,9999.0,-86.0
874,-2,43700,AMETHYSTS,9996,1,9995.0,23.0,,,10004,1,10005.0,23.0,,,10000.0,-86.0
875,-2,43700,STARFRUIT,4990,24,,,,,4997,24,,,,,4993.5,-179.296875
876,-2,43800,AMETHYSTS,9996,2,9995.0,26.0,,,10004,2,10005.0,26.0,,,10000.0,-86.0
877,-2,43800,STARFRUIT,4991,9,4990.0,26.0,,,4997,28,,,,,4994.0,-171.1328125
878,-2,43900,AMETHYSTS,10002,4,9998.0,2.0,9996.0,1.0,10004,1,10005.0,29.0,,,10003.0,-86.0
879,-2,43900,STARFRUIT,4991,6,4990.0,30.0,,,4997,30,,,,,4994.0,-178.640625
880,-2,44000,STARFRUIT,4991,2,4990.0,20.0,,,4995,3,4997.0,22.0,,,4993.0,-171.234375
881,-2,44000,AMETHYSTS,9996,2,9995.0,20.0,,,10004,2,10005.0,20.0,,,10000.0,-86.0
882,-2,44100,AMETHYSTS,9995,24,,,,,9998,1,10002.0,2.0,10005.0,24.0,9996.5,-86.0
883,-2,44100,STARFRUIT,4990,24,,,,,4997,24,,,,,4993.5,-175.90625
884,-2,44200,AMETHYSTS,9995,21,,,,,10005,21,,,,,10000.0,-86.0
885,-2,44200,STARFRUIT,4991,21,,,,,4998,21,,,,,4994.5,-156.328125
886,-2,44300,AMETHYSTS,9995,27,,,,,10005,27,,,,,10000.0,-86.0
887,-2,44300,STARFRUIT,4991,27,,,,,4998,27,,,,,4994.5,-159.1015625
888,-2,44400,STARFRUIT,4991,28,,,,,4998,28,,,,,4994.5,-165.8515625
889,-2,44400,AMETHYSTS,9998,7,9995.0,28.0,,,10005,28,,,,,10001.5,-86.0
890,-2,44500,AMETHYSTS,9995,21,,,,,10005,21,,,,,10000.0,-86.0
891,-2,44500,STARFRUIT,4995,1,4991.0,2.0,4990.0,21.0,4997,21,,,,,4996.0,-179.5546875
892,-2,44600,AMETHYSTS,9996,1,9995.0,23.0,,,10004,1,10005.0,23.0,,,10000.0,-86.0
893,-2,44600,STARFRUIT,4990,1,4989.0,23.0,,,4996,24,,,,,4993.0,-188.828125
894,-2,44700,AMETHYSTS,9995,29,,,,,10002,10,10005.0,29.0,,,9998.5,-86.0
895,-2,44700,STARFRUIT,4989,29,,,,,4996,29,,,,,4992.5,-193.0
896,-2,44800,STARFRUIT,4989,29,,,,,4996,29,,,,,4992.5,-200.1640625
897,-2,44800,AMETHYSTS,9995,29,,,,,9998,1,10002.0,10.0,10005.0,29.0,9996.5,-86.0
898,-2,44900,AMETHYSTS,9996,1,9995.0,25.0,,,10004,1,10005.0,25.0,,,10000.0,-86.0
899,-2,44900,STARFRUIT,4989,2,4988.0,25.0,,,4995,26,,,,,4992.0,-208.96875
900,-2,45000,AMETHYSTS,10002,1,9996.0,2.0,9995.0,24.0,10004,2,10005.0,24.0,,,10003.0,-86.0
901,-2,45000,STARFRUIT,4988,26,,,,,4995,26,,,,,4991.5,-213.9765625
902,-2,45100,AMETHYSTS,9996,1,9995.0,26.0,,,10004,1,10005.0,26.0,,,10000.0,-86.0
903,-2,45100,STARFRUIT,4988,27,,,,,4993,5,4995.0,27.0,,,4990.5,-215.4609375
904,-2,45200,STARFRUIT,4989,1,4988.0,28.0,,,4993,6,4995.0,29.0,,,4991.0,-205.09375
905,-2,45200,AMETHYSTS,9996,1,9995.0,28.0,,,10004,1,10005.0,28.0,,,10000.0,-86.0
906,-2,45300,AMETHYSTS,9995,22,,,,,10005,22,,,,,10000.0,-86.0
907,-2,45300,STARFRUIT,4989,4,4988.0,22.0,,,4995,22,,,,,4992.0,-217.3125
908,-2,45400,AMETHYSTS,9996,2,9995.0,21.0,,,9998,1,10004.0,2.0,10005.0,21.0,9997.0,-86.0
909,-2,45400,STARFRUIT,4988,22,,,,,4993,2,4994.0,2.0,4995.0,21.0,4990.5,-221.265625
910,-2,45500,STARFRUIT,4987,25,,,,,4990,3,4994.0,25.0,,,4988.5,-228.1171875
911,-2,45500,AMETHYSTS,9996,1,9995.0,24.0,,,10000,3,10004.0,1.0,10005.0,24.0,9998.0,-86.0
912,-2,45600,STARFRUIT,4988,7,4987.0,26.0,,,4994,26,,,,,4991.0,-238.9765625
913,-2,45600,AMETHYSTS,9995,26,,,,,10002,5,10005.0,26.0,,,9998.5,-86.0
914,-2,45700,STARFRUIT,4986,24,,,,,4993,24,,,,,4989.5,-248.046875
915,-2,45700,AMETHYSTS,9995,24,,,,,10005,24,,,,,10000.0,-86.0
916,-2,45800,AMETHYSTS,9996,1,9995.0,27.0,,,10004,1,10005.0,27.0,,,10000.0,-86.0
917,-2,45800,STARFRUIT,4986,27,,,,,4992,1,4993.0,27.0,,,4989.0,-254.546875
918,-2,45900,STARFRUIT,4987,4,4986.0,31.0,,,4993,31,,,,,4990.0,-249.4296875
919,-2,45900,AMETHYSTS,9996,1,9995.0,30.0,,,10004,1,10005.0,30.0,,,10000.0,-86.0
920,-2,46000,STARFRUIT,4986,26,,,,,4993,26,,,,,4989.5,-250.8359375
921,-2,46000,AMETHYSTS,9996,2,9995.0,24.0,,,10004,2,10005.0,24.0,,,10000.0,-86.0
922,-2,46100,STARFRUIT,4986,25,,,,,4992,2,4993.0,23.0,,,4989.0,-254.6953125
923,-2,46100,AMETHYSTS,9998,6,9996.0,2.0,9995.0,23.0,10004,2,10005.0,23.0,,,10001.0,-86.0
924,-2,46200,AMETHYSTS,9998,2,9996.0,1.0,9995.0,27.0,10004,1,10005.0,27.0,,,10001.0,-86.0
925,-2,46200,STARFRUIT,4986,28,,,,,4993,28,,,,,4989.5,-250.3359375
926,-2,46300,STARFRUIT,4986,29,,,,,4993,29,,,,,4989.5,-248.3359375
927,-2,46300,AMETHYSTS,9996,2,9995.0,27.0,,,10004,2,10005.0,27.0,,,10000.0,-86.0
928,-2,46400,STARFRUIT,4986,22,,,,,4993,22,,,,,4989.5,-249.953125
929,-2,46400,AMETHYSTS,9995,22,,,,,10005,22,,,,,10000.0,-86.0
930,-2,46500,STARFRUIT,4989,6,4986.0,31.0,,,4993,31,,,,,4991.0,-247.2109375
931,-2,46500,AMETHYSTS,10000,6,9996.0,1.0,9995.0,30.0,10004,1,10005.0,30.0,,,10002.0,-86.0
932,-2,46600,AMETHYSTS,9998,10,9996.0,1.0,9995.0,27.0,10004,1,10005.0,27.0,,,10001.0,-86.0
933,-2,46600,STARFRUIT,4987,3,4986.0,28.0,,,4993,28,,,,,4990.0,-253.1640625
934,-2,46700,STARFRUIT,4986,26,,,,,4993,26,,,,,4989.5,-248.6796875
935,-2,46700,AMETHYSTS,9995,26,,,,,10005,26,,,,,10000.0,-86.0
936,-2,46800,STARFRUIT,4987,1,4986.0,21.0,,,4993,22,,,,,4990.0,-245.359375
937,-2,46800,AMETHYSTS,9996,1,9995.0,21.0,,,10004,1,10005.0,21.0,,,10000.0,-86.0
938,-2,46900,STARFRUIT,4992,1,4986.0,32.0,,,4993,32,,,,,4992.5,-248.3203125
939,-2,46900,AMETHYSTS,9996,2,9995.0,30.0,,,10004,2,10005.0,30.0,,,10000.0,-86.0
940,-2,47000,AMETHYSTS,9996,1,9995.0,20.0,,,10004,1,10005.0,20.0,,,10000.0,-86.0
941,-2,47000,STARFRUIT,4986,21,,,,,4992,1,4993.0,20.0,,,4989.0,-257.0625
942,-2,47100,STARFRUIT,4986,26,,,,,4988,4,4993.0,26.0,,,4987.0,-246.203125
943,-2,47100,AMETHYSTS,9996,2,9995.0,24.0,,,9998,1,10004.0,2.0,10005.0,24.0,9997.0,-86.0
944,-2,47200,STARFRUIT,4987,2,4986.0,28.0,,,4993,30,,,,,4990.0,-245.546875
945,-2,47200,AMETHYSTS,10002,1,9996.0,2.0,9995.0,28.0,10004,2,10005.0,28.0,,,10003.0,-86.0
946,-2,47300,STARFRUIT,4987,25,,,,,4992,1,4994.0,25.0,,,4989.5,-223.7109375
947,-2,47300,AMETHYSTS,10002,1,9998.0,3.0,9995.0,25.0,10005,25,,,,,10003.5,-86.0
948,-2,47400,AMETHYSTS,9995,24,,,,,10002,9,10005.0,24.0,,,9998.5,-86.0
949,-2,47400,STARFRUIT,4988,1,4987.0,24.0,,,4994,24,,,,,4991.0,-228.40625
950,-2,47500,STARFRUIT,4988,30,,,,,4993,6,4995.0,30.0,,,4990.5,-222.3125
951,-2,47500,AMETHYSTS,9995,30,,,,,10002,1,10005.0,30.0,,,9998.5,-86.0
952,-2,47600,STARFRUIT,4988,1,4987.0,27.0,,,4994,28,,,,,4991.0,-225.4375
953,-2,47600,AMETHYSTS,9996,1,9995.0,27.0,,,10004,1,10005.0,27.0,,,10000.0,-86.0
954,-2,47700,STARFRUIT,4988,1,4987.0,22.0,,,4994,23,,,,,4991.0,-223.640625
955,-2,47700,AMETHYSTS,9996,1,9995.0,22.0,,,10002,8,10004.0,1.0,10005.0,22.0,9999.0,-86.0
956,-2,47800,AMETHYSTS,9996,1,9995.0,22.0,,,10002,8,10004.0,1.0,10005.0,22.0,9999.0,-86.0
957,-2,47800,STARFRUIT,4988,23,,,,,4995,23,,,,,4991.5,-217.6796875
958,-2,47900,STARFRUIT,4987,27,,,,,4994,27,,,,,4990.5,-223.421875
959,-2,47900,AMETHYSTS,10002,1,9995.0,27.0,,,10005,27,,,,,10003.5,-86.0
960,-2,48000,STARFRUIT,4987,27,,,,,4994,27,,,,,4990.5,-224.1484375
961,-2,48000,AMETHYSTS,9995,27,,,,,10005,27,,,,,10000.0,-86.0
962,-2,48100,STARFRUIT,4989,1,4988.0,21.0,,,4994,21,,,,,4991.5,-223.015625
963,-2,48100,AMETHYSTS,9995,21,,,,,10002,9,10005.0,21.0,,,9998.5,-86.0
964,-2,48200,AMETHYSTS,9998,5,9995.0,25.0,,,10005,25,,,,,10001.5,-86.0
965,-2,48200,STARFRUIT,4988,25,,,,,4995,25,,,,,4991.5,-222.21875
966,-2,48300,STARFRUIT,4988,29,,,,,4991,5,4995.0,29.0,,,4989.5,-217.9609375
967,-2,48300,AMETHYSTS,9996,1,9995.0,28.0,,,9998,1,10000.0,5.0,10004.0,1.0,9997.0,-86.0
968,-2,48400,STARFRUIT,4989,1,4988.0,27.0,,,4995,27,,,,,4992.0,-210.6328125
969,-2,48400,AMETHYSTS,9995,27,,,,,10002,7,10005.0,27.0,,,9998.5,-86.0
970,-2,48500,STARFRUIT,4990,1,4989.0,29.0,,,4996,29,,,,,4993.0,-204.6875
971,-2,48500,AMETHYSTS,9995,29,,,,,9998,1,10005.0,29.0,,,9996.5,-86.0
972,-2,48600,AMETHYSTS,9996,1,9995.0,28.0,,,10004,1,10005.0,28.0,,,10000.0,-86.0
973,-2,48600,STARFRUIT,4990,1,4989.0,29.0,,,4995,1,4996.0,28.0,,,4992.5,-202.8125
974,-2,48700,STARFRUIT,4989,1,4988.0,22.0,,,4995,23,,,,,4992.0,-205.3125
975,-2,48700,AMETHYSTS,9996,1,9995.0,22.0,,,10004,1,10005.0,22.0,,,10000.0,-86.0
976,-2,48800,STARFRUIT,4989,5,4988.0,24.0,,,4995,24,,,,,4992.0,-213.4140625
977,-2,48800,AMETHYSTS,9996,1,9995.0,23.0,,,10004,1,10005.0,23.0,,,10000.0,-86.0
978,-2,48900,STARFRUIT,4989,7,4988.0,27.0,,,4995,27,,,,,4992.0,-218.6953125
979,-2,48900,AMETHYSTS,9995,27,,,,,10005,27,,,,,10000.0,-86.0
980,-2,49000,AMETHYSTS,9996,2,9995.0,30.0,,,10004,2,10005.0,30.0,,,10000.0,-86.0
981,-2,49000,STARFRUIT,4989,7,4988.0,32.0,,,4994,2,4995.0,30.0,,,4991.5,-222.4921875
982,-2,49100,STARFRUIT,4989,8,4988.0,32.0,,,4995,32,,,,,4992.0,-217.625
983,-2,49100,AMETHYSTS,9996,2,9995.0,30.0,,,10004,2,10005.0,30.0,,,10000.0,-86.0
984,-2,49200,STARFRUIT,4988,21,,,,,4994,1,4995.0,20.0,,,4991.0,-220.2421875
985,-2,49200,AMETHYSTS,9996,1,9995.0,20.0,,,10004,1,10005.0,20.0,,,10000.0,-86.0
986,-2,49300,STARFRUIT,4987,22,,,,,4988,1,4994.0,22.0,,,4987.5,-229.140625
987,-2,49300,AMETHYSTS,9998,9,9996.0,1.0,9995.0,21.0,10004,1,10005.0,21.0,,,10001.0,-86.0
988,-2,49400,AMETHYSTS,9995,20,,,,,10005,20,,,,,10000.0,-86.0
989,-2,49400,STARFRUIT,4992,14,4987.0,20.0,,,4994,20,,,,,4993.0,-224.6796875
990,-2,49500,STARFRUIT,4988,8,4987.0,32.0,,,4994,32,,,,,4991.0,-230.4375
991,-2,49500,AMETHYSTS,9996,2,9995.0,30.0,,,10004,2,10005.0,30.0,,,10000.0,-86.0
992,-2,49600,STARFRUIT,4992,1,4987.0,24.0,,,4994,24,,,,,4993.0,-235.9375
993,-2,49600,AMETHYSTS,9995,24,,,,,10005,24,,,,,10000.0,-86.0
994,-2,49700,STARFRUIT,4987,28,,,,,4993,2,4994.0,26.0,,,4990.0,-237.5703125
995,-2,49700,AMETHYSTS,9998,7,9996.0,2.0,9995.0,26.0,10004,2,10005.0,26.0,,,10001.0,-86.0
996,-2,49800,AMETHYSTS,9996,2,9995.0,23.0,,,10004,2,10005.0,23.0,,,10000.0,-86.0
997,-2,49800,STARFRUIT,4987,25,,,,,4988,5,4994.0,25.0,,,4987.5,-234.1953125
998,-2,49900,STARFRUIT,4986,23,,,,,4993,23,,,,,4989.5,-251.484375
999,-2,49900,AMETHYSTS,9998,3,9995.0,23.0,,,10005,23,,,,,10001.5,-86.0
1000,-2,50000,STARFRUIT,4986,1,4985.0,20.0,,,4992,21,,,,,4989.0,-259.515625
1001,-2,50000,AMETHYSTS,9996,1,9995.0,20.0,,,10004,1,10005.0,20.0,,,10000.0,-86.0
1002,-2,50100,AMETHYSTS,9995,24,,,,,10005,24,,,,,10000.0,-86.0
1003,-2,50100,STARFRUIT,4986,24,,,,,4991,2,4993.0,24.0,,,4988.5,-258.28125
1004,-2,50200,STARFRUIT,4985,24,,,,,4992,24,,,,,4988.5,-260.8984375
1005,-2,50200,AMETHYSTS,9995,24,,,,,10005,24,,,,,10000.0,-86.0
1006,-2,50300,STARFRUIT,4985,30,,,,,4992,30,,,,,4988.5,-267.1015625
1007,-2,50300,AMETHYSTS,9995,30,,,,,10002,10,10005.0,30.0,,,9998.5,-86.0
1008,-2,50400,STARFRUIT,4985,23,,,,,4988,2,4990.0,1.0,4992.0,23.0,4986.5,-270.984375
1009,-2,50400,AMETHYSTS,9998,4,9996.0,1.0,9995.0,22.0,10000,2,10004.0,1.0,10005.0,22.0,9999.0,-86.0
1010,-2,50500,AMETHYSTS,9996,2,9995.0,23.0,,,10004,2,10005.0,23.0,,,10000.0,-86.0
1011,-2,50500,STARFRUIT,4986,2,4985.0,23.0,,,4992,25,,,,,4989.0,-261.09375
1012,-2,50600,STARFRUIT,4985,23,,,,,4986,8,4992.0,23.0,,,4985.5,-264.3671875
1013,-2,50600,AMETHYSTS,10002,1,9996.0,2.0,9995.0,21.0,10004,2,10005.0,21.0,,,10003.0,-86.0
1014,-2,50700,STARFRUIT,4986,2,4985.0,22.0,,,4992,24,,,,,4989.0,-259.28125
1015,-2,50700,AMETHYSTS,9996,2,9995.0,22.0,,,10004,2,10005.0,22.0,,,10000.0,-86.0
1016,-2,50800,STARFRUIT,4991,1,4986.0,24.0,,,4993,24,,,,,4992.0,-253.6328125
1017,-2,50800,AMETHYSTS,10002,5,9996.0,2.0,9995.0,22.0,10004,2,10005.0,22.0,,,10003.0,-86.0
1018,-2,50900,AMETHYSTS,9996,1,9995.0,27.0,,,10004,1,10005.0,27.0,,,10000.0,-86.0
1019,-2,50900,STARFRUIT,4986,28,,,,,4991,4,4992.0,1.0,4993.0,27.0,4988.5,-256.8671875
1020,-2,51000,STARFRUIT,4986,28,,,,,4993,28,,,,,4989.5,-253.7109375
1021,-2,51000,AMETHYSTS,9996,2,9995.0,26.0,,,10004,2,10005.0,26.0,,,10000.0,-86.0
1022,-2,51100,STARFRUIT,4986,26,,,,,4992,1,4993.0,25.0,,,4989.0,-256.9453125
1023,-2,51100,AMETHYSTS,9998,6,9996.0,1.0,9995.0,25.0,10004,1,10005.0,25.0,,,10001.0,-86.0
1024,-2,51200,STARFRUIT,4986,2,4985.0,28.0,,,4992,30,,,,,4989.0,-261.328125
1025,-2,51200,AMETHYSTS,9996,2,9995.0,28.0,,,10004,2,10005.0,28.0,,,10000.0,-86.0
1026,-2,51300,AMETHYSTS,9996,1,9995.0,24.0,,,10004,1,10005.0,24.0,,,10000.0,-86.0
1027,-2,51300,STARFRUIT,4985,25,,,,,4992,25,,,,,4988.5,-269.3984375
1028,-2,51400,STARFRUIT,4985,30,,,,,4992,30,,,,,4988.5,-263.1484375
1029,-2,51400,AMETHYSTS,9995,30,,,,,10002,3,10005.0,30.0,,,9998.5,-86.0
1030,-2,51500,STARFRUIT,4991,1,4985.0,30.0,,,4992,30,,,,,4991.5,-266.015625
1031,-2,51500,AMETHYSTS,9995,30,,,,,10005,30,,,,,10000.0,-86.0
1032,-2,51600,STARFRUIT,4988,5,4985.0,24.0,,,4992,24,,,,,4990.0,-269.9765625
1033,-2,51600,AMETHYSTS,10000,5,9996.0,2.0,9995.0,22.0,10002,1,10004.0,2.0,10005.0,22.0,10001.0,-86.0
1034,-2,51700,AMETHYSTS,9995,20,,,,,10005,20,,,,,10000.0,-86.0
1035,-2,51700,STARFRUIT,4984,20,,,,,4986,4,4991.0,20.0,,,4985.0,-278.0546875
1036,-2,51800,STARFRUIT,4985,25,,,,,4992,25,,,,,4988.5,-265.1328125
1037,-2,51800,AMETHYSTS,9996,1,9995.0,24.0,,,10004,1,10005.0,24.0,,,10000.0,-86.0
1038,-2,51900,STARFRUIT,4990,4,4986.0,1.0,4985.0,23.0,4992,24,,,,,4991.0,-259.8359375
1039,-2,51900,AMETHYSTS,9996,1,9995.0,23.0,,,10004,1,10005.0,23.0,,,10000.0,-86.0
1040,-2,52000,STARFRUIT,4985,29,,,,,4990,6,4992.0,29.0,,,4987.5,-260.8046875
1041,-2,52000,AMETHYSTS,9998,3,9995.0,29.0,,,10005,29,,,,,10001.5,-86.0
1042,-2,52100,AMETHYSTS,9995,21,,,,,10005,21,,,,,10000.0,-86.0
1043,-2,52100,STARFRUIT,4985,21,,,,,4992,21,,,,,4988.5,-265.78125
1044,-2,52200,STARFRUIT,4985,31,,,,,4991,2,4992.0,29.0,,,4988.0,-276.7421875
1045,-2,52200,AMETHYSTS,9996,2,9995.0,29.0,,,10004,2,10005.0,29.0,,,10000.0,-86.0
1046,-2,52300,AMETHYSTS,10002,1,9996.0,1.0,9995.0,27.0,10004,1,10005.0,27.0,,,10003.0,-86.0
1047,-2,52300,STARFRUIT,4990,1,4985.0,28.0,,,4991,1,4992.0,27.0,,,4990.5,-274.671875
1048,-2,52400,AMETHYSTS,9998,3,9996.0,1.0,9995.0,29.0,10004,1,10005.0,29.0,,,10001.0,-86.0
1049,-2,52400,STARFRUIT,4985,30,,,,,4991,1,4992.0,29.0,,,4988.0,-272.625
1050,-2,52500,AMETHYSTS,9996,1,9995.0,27.0,,,9998,1,10004.0,1.0,10005.0,27.0,9997.0,-86.0
1051,-2,52500,STARFRUIT,4990,1,4984.0,28.0,,,4991,28,,,,,4990.5,-282.7109375
1052,-2,52600,STARFRUIT,4985,23,,,,,4988,4,4991.0,1.0,4992.0,22.0,4986.5,-274.4140625
1053,-2,52600,AMETHYSTS,9998,1,9996.0,1.0,9995.0,22.0,10000,4,10004.0,1.0,10005.0,22.0,9999.0,-86.0
1054,-2,52700,AMETHYSTS,9996,2,9995.0,25.0,,,10004,2,10005.0,25.0,,,10000.0,-86.0
1055,-2,52700,STARFRUIT,4985,26,,,,,4992,27,,,,,4988.5,-268.875
1056,-2,52800,AMETHYSTS,9995,26,,,,,10005,26,,,,,10000.0,-86.0
1057,-2,52800,STARFRUIT,4985,26,,,,,4992,26,,,,,4988.5,-275.78125
1058,-2,52900,AMETHYSTS,9995,30,,,,,10005,30,,,,,10000.0,-86.0
1059,-2,52900,STARFRUIT,4984,30,,,,,4991,30,,,,,4987.5,-279.765625
1060,-2,53000,STARFRUIT,4984,21,,,,,4991,21,,,,,4987.5,-282.84375
1061,-2,53000,AMETHYSTS,10002,1,9996.0,1.0,9995.0,20.0,10004,1,10005.0,20.0,,,10003.0,-86.0
1062,-2,53100,AMETHYSTS,9995,24,,,,,10005,24,,,,,10000.0,-86.0
1063,-2,53100,STARFRUIT,4984,24,,,,,4991,24,,,,,4987.5,-281.7109375
1064,-2,53200,AMETHYSTS,9996,1,9995.0,30.0,,,10004,1,10005.0,30.0,,,10000.0,-86.0
1065,-2,53200,STARFRUIT,4990,1,4984.0,31.0,,,4991,31,,,,,4990.5,-282.765625
1066,-2,53300,AMETHYSTS,9995,29,,,,,10005,29,,,,,10000.0,-86.0
1067,-2,53300,STARFRUIT,4984,29,,,,,4991,29,,,,,4987.5,-294.5
1068,-2,53400,STARFRUIT,4984,25,,,,,4991,25,,,,,4987.5,-283.96875
1069,-2,53400,AMETHYSTS,9998,6,9996.0,2.0,9995.0,23.0,10004,2,10005.0,23.0,,,10001.0,-86.0
1070,-2,53500,AMETHYSTS,9996,2,9995.0,21.0,,,10002,1,10004.0,2.0,10005.0,21.0,9999.0,-86.0
1071,-2,53500,STARFRUIT,4984,23,,,,,4991,23,,,,,4987.5,-281.71875
1072,-2,53600,AMETHYSTS,9995,24,,,,,9998,9,10005.0,24.0,,,9996.5,-86.0
1073,-2,53600,STARFRUIT,4985,24,,,,,4992,24,,,,,4988.5,-272.71875
1074,-2,53700,AMETHYSTS,9998,1,9995.0,30.0,,,10005,30,,,,,10001.5,-86.0
1075,-2,53700,STARFRUIT,4985,30,,,,,4992,30,,,,,4988.5,-263.7578125
1076,-2,53800,STARFRUIT,4985,30,,,,,4992,30,,,,,4988.5,-265.2578125
1077,-2,53800,AMETHYSTS,10002,3,9995.0,30.0,,,10005,30,,,,,10003.5,-86.0
1078,-2,53900,AMETHYSTS,9996,2,9995.0,25.0,,,10004,2,10005.0,25.0,,,10000.0,-86.0
1079,-2,53900,STARFRUIT,4986,2,4985.0,25.0,,,4992,27,,,,,4989.0,-262.8203125
1080,-2,54000,AMETHYSTS,9998,6,9996.0,1.0,9995.0,30.0,10004,1,10005.0,30.0,,,10001.0,-86.0
1081,-2,54000,STARFRUIT,4986,31,,,,,4991,1,4992.0,1.0,4993.0,30.0,4988.5,-257.5703125
1082,-2,54100,AMETHYSTS,9998,2,9996.0,2.0,9995.0,22.0,10004,2,10005.0,22.0,,,10001.0,-86.0
1083,-2,54100,STARFRUIT,4986,24,,,,,4991,2,4993.0,24.0,,,4988.5,-252.078125
1084,-2,54200,STARFRUIT,4986,28,,,,,4993,28,,,,,4989.5,-253.2578125
1085,-2,54200,AMETHYSTS,9995,28,,,,,10005,28,,,,,10000.0,-86.0
1086,-2,54300,AMETHYSTS,9996,2,9995.0,23.0,,,10004,2,10005.0,23.0,,,10000.0,-86.0
1087,-2,54300,STARFRUIT,4991,1,4986.0,25.0,,,4992,2,4993.0,23.0,,,4991.5,-257.703125
1088,-2,54400,AMETHYSTS,9995,29,,,,,10005,29,,,,,10000.0,-86.0
1089,-2,54400,STARFRUIT,4986,29,,,,,4993,29,,,,,4989.5,-257.4609375
1090,-2,54500,STARFRUIT,4986,1,4985.0,20.0,,,4992,21,,,,,4989.0,-263.2109375
1091,-2,54500,AMETHYSTS,9996,1,9995.0,20.0,,,10004,1,10005.0,20.0,,,10000.0,-86.0
1092,-2,54600,STARFRUIT,4985,27,,,,,4992,27,,,,,4988.5,-267.203125
1093,-2,54600,AMETHYSTS,10002,3,9995.0,27.0,,,10005,27,,,,,10003.5,-86.0
1094,-2,54700,STARFRUIT,4984,29,,,,,4986,4,4991.0,29.0,,,4985.0,-281.734375
1095,-2,54700,AMETHYSTS,9996,2,9995.0,27.0,,,10004,2,10005.0,27.0,,,10000.0,-86.0
1096,-2,54800,AMETHYSTS,9998,8,9995.0,27.0,,,10005,27,,,,,10001.5,-86.0
1097,-2,54800,STARFRUIT,4984,27,,,,,4989,1,4991.0,27.0,,,4986.5,-281.15625
1098,-2,54900,STARFRUIT,4984,29,,,,,4991,29,,,,,4987.5,-288.515625
1099,-2,54900,AMETHYSTS,9996,1,9995.0,28.0,,,10002,3,10004.0,1.0,10005.0,28.0,9999.0,-86.0
1100,-2,55000,STARFRUIT,4985,6,4984.0,30.0,,,4990,2,4991.0,28.0,,,4987.5,-292.5
1101,-2,55000,AMETHYSTS,9996,2,9995.0,28.0,,,10002,8,10004.0,2.0,10005.0,28.0,9999.0,-86.0
1102,-2,55100,STARFRUIT,4985,8,4984.0,29.0,,,4991,29,,,,,4988.0,-292.8984375
1103,-2,55100,AMETHYSTS,9995,29,,,,,10005,29,,,,,10000.0,-86.0
1104,-2,55200,AMETHYSTS,9996,2,9995.0,21.0,,,10004,2,10005.0,21.0,,,10000.0,-86.0
1105,-2,55200,STARFRUIT,4984,23,,,,,4985,5,4989.0,8.0,4990.0,2.0,4984.5,-290.6640625
1106,-2,55300,STARFRUIT,4985,2,4984.0,27.0,,,4991,29,,,,,4988.0,-277.1640625
1107,-2,55300,AMETHYSTS,9996,2,9995.0,27.0,,,9998,1,10002.0,2.0,10004.0,2.0,9997.0,-86.0
1108,-2,55400,STARFRUIT,4986,2,4985.0,22.0,,,4991,1,4992.0,21.0,,,4988.5,-275.71875
1109,-2,55400,AMETHYSTS,9998,3,9996.0,1.0,9995.0,21.0,10004,1,10005.0,21.0,,,10001.0,-86.0
1110,-2,55500,STARFRUIT,4990,1,4985.0,4.0,4984.0,25.0,4991,25,,,,,4990.5,-285.84375
1111,-2,55500,AMETHYSTS,9995,25,,,,,10002,9,10005.0,25.0,,,9998.5,-86.0
1112,-2,55600,AMETHYSTS,9995,26,,,,,10005,26,,,,,10000.0,-86.0
1113,-2,55600,STARFRUIT,4985,3,4984.0,26.0,,,4991,26,,,,,4988.0,-284.9296875
1114,-2,55700,STARFRUIT,4985,2,4984.0,23.0,,,4991,23,,,,,4988.0,-289.203125
1115,-2,55700,AMETHYSTS,9996,2,9995.0,21.0,,,10004,2,10005.0,21.0,,,10000.0,-86.0
1116,-2,55800,STARFRUIT,4984,27,,,,,4991,27,,,,,4987.5,-286.359375
1117,-2,55800,AMETHYSTS,9998,6,9996.0,1.0,9995.0,26.0,10004,1,10005.0,26.0,,,10001.0,-86.0
1118,-2,55900,STARFRUIT,4984,22,,,,,4991,22,,,,,4987.5,-291.2734375
1119,-2,55900,AMETHYSTS,9995,22,,,,,10005,22,,,,,10000.0,-86.0
1120,-2,56000,AMETHYSTS,9996,2,9995.0,22.0,,,10002,10,10004.0,2.0,10005.0,22.0,9999.0,-86.0
1121,-2,56000,STARFRUIT,4984,2,4983.0,22.0,,,4985,3,4990.0,24.0,,,4984.5,-296.3515625
1122,-2,56100,STARFRUIT,4983,22,,,,,4990,22,,,,,4986.5,-300.03125
1123,-2,56100,AMETHYSTS,9996,2,9995.0,20.0,,,10004,2,10005.0,20.0,,,10000.0,-86.0
1124,-2,56200,STARFRUIT,4987,2,4983.0,30.0,,,4990,30,,,,,4988.5,-304.53125
1125,-2,56200,AMETHYSTS,9996,1,9995.0,29.0,,,10004,1,10005.0,29.0,,,10000.0,-86.0
1126,-2,56300,STARFRUIT,4983,8,4982.0,25.0,,,4989,27,,,,,4986.0,-317.59375
1127,-2,56300,AMETHYSTS,10002,1,9996.0,2.0,9995.0,25.0,10004,2,10005.0,25.0,,,10003.0,-86.0
1128,-2,56400,AMETHYSTS,9996,1,9995.0,30.0,,,10004,1,10005.0,30.0,,,10000.0,-86.0
1129,-2,56400,STARFRUIT,4982,31,,,,,4989,31,,,,,4985.5,-322.390625
1130,-2,56500,STARFRUIT,4982,29,,,,,4989,29,,,,,4985.5,-322.5
1131,-2,56500,AMETHYSTS,9996,2,9995.0,27.0,,,10004,2,10005.0,27.0,,,10000.0,-86.0
1132,-2,56600,STARFRUIT,4983,2,4982.0,29.0,,,4989,31,,,,,4986.0,-313.9296875
1133,-2,56600,AMETHYSTS,9996,2,9995.0,29.0,,,10002,4,10004.0,2.0,10005.0,29.0,9999.0,-86.0
1134,-2,56700,STARFRUIT,4987,6,4983.0,2.0,4982.0,24.0,4989,26,,,,,4988.0,-316.0390625
1135,-2,56700,AMETHYSTS,9998,3,9996.0,2.0,9995.0,24.0,10000,2,10004.0,2.0,10005.0,24.0,9999.0,-86.0
1136,-2,56800,AMETHYSTS,10002,1,9998.0,10.0,9996.0,2.0,10004,2,10005.0,22.0,,,10003.0,-86.0
1137,-2,56800,STARFRUIT,4982,24,,,,,4989,24,,,,,4985.5,-318.7109375
1138,-2,56900,STARFRUIT,4983,4,4982.0,20.0,,,4989,22,,,,,4986.0,-314.578125
1139,-2,56900,AMETHYSTS,9996,2,9995.0,20.0,,,10004,2,10005.0,20.0,,,10000.0,-86.0
1140,-2,57000,STARFRUIT,4983,28,,,,,4988,8,4989.0,1.0,4990.0,27.0,4985.5,-310.7421875
1141,-2,57000,AMETHYSTS,9996,1,9995.0,27.0,,,10004,1,10005.0,27.0,,,10000.0,-86.0
1142,-2,57100,STARFRUIT,4984,2,4983.0,25.0,,,4990,27,,,,,4987.0,-299.3125
1143,-2,57100,AMETHYSTS,9996,2,9995.0,25.0,,,10004,2,10005.0,25.0,,,10000.0,-86.0
1144,-2,57200,AMETHYSTS,10002,2,9996.0,1.0,9995.0,26.0,10004,1,10005.0,26.0,,,10003.0,-86.0
1145,-2,57200,STARFRUIT,4989,1,4984.0,27.0,,,4990,27,,,,,4989.5,-295.140625
1146,-2,57300,STARFRUIT,4984,1,4983.0,26.0,,,4990,27,,,,,4987.0,-295.296875
1147,-2,57300,AMETHYSTS,9996,1,9995.0,26.0,,,10002,9,10004.0,1.0,10005.0,26.0,9999.0,-86.0
1148,-2,57400,STARFRUIT,4984,24,,,,,4989,2,4991.0,24.0,,,4986.5,-285.734375
1149,-2,57400,AMETHYSTS,9995,24,,,,,10005,24,,,,,10000.0,-86.0
1150,-2,57500,STARFRUIT,4989,5,4986.0,5.0,4985.0,25.0,4991,2,4992.0,23.0,,,4990.0,-274.8125
1151,-2,57500,AMETHYSTS,9998,5,9996.0,2.0,9995.0,23.0,10004,2,10005.0,23.0,,,10001.0,-86.0
1152,-2,57600,AMETHYSTS,9995,24,,,,,10005,24,,,,,10000.0,-86.0
1153,-2,57600,STARFRUIT,4984,24,,,,,4991,24,,,,,4987.5,-278.234375
1154,-2,57700,STARFRUIT,4985,29,,,,,4991,29,,,,,4988.0,-277.1171875
1155,-2,57700,AMETHYSTS,9995,29,,,,,10005,29,,,,,10000.0,-86.0
1156,-2,57800,STARFRUIT,4984,31,,,,,4991,31,,,,,4987.5,-289.1484375
1157,-2,57800,AMETHYSTS,9998,1,9996.0,2.0,9995.0,29.0,10004,2,10005.0,29.0,,,10001.0,-86.0
1158,-2,57900,STARFRUIT,4984,27,,,,,4987,6,4989.0,5.0,4990.0,2.0,4985.5,-291.765625
1159,-2,57900,AMETHYSTS,9996,2,9995.0,25.0,,,9998,1,10000.0,6.0,10004.0,2.0,9997.0,-86.0
1160,-2,58000,AMETHYSTS,9996,1,9995.0,24.0,,,9998,4,10004.0,1.0,10005.0,24.0,9997.0,-86.0
1161,-2,58000,STARFRUIT,4984,5,4983.0,24.0,,,4990,25,,,,,4987.0,-298.1015625
1162,-2,58100,STARFRUIT,4983,23,,,,,4990,23,,,,,4986.5,-299.6484375
1163,-2,58100,AMETHYSTS,9995,23,,,,,10005,23,,,,,10000.0,-86.0
1164,-2,58200,STARFRUIT,4983,31,,,,,4990,31,,,,,4986.5,-303.1015625
1165,-2,58200,AMETHYSTS,9996,1,9995.0,30.0,,,10004,1,10005.0,30.0,,,10000.0,-86.0
1166,-2,58300,STARFRUIT,4983,29,,,,,4990,29,,,,,4986.5,-304.3046875
1167,-2,58300,AMETHYSTS,9995,29,,,,,10005,29,,,,,10000.0,-86.0
1168,-2,58400,AMETHYSTS,9996,2,9995.0,21.0,,,10004,2,10005.0,21.0,,,10000.0,-86.0
1169,-2,58400,STARFRUIT,4983,23,,,,,4988,1,4990.0,23.0,,,4985.5,-305.0625
1170,-2,58500,STARFRUIT,4983,21,,,,,4990,21,,,,,4986.5,-301.546875
1171,-2,58500,AMETHYSTS,9995,21,,,,,10002,1,10005.0,21.0,,,9998.5,-86.0
1172,-2,58600,STARFRUIT,4983,25,,,,,4988,7,4990.0,25.0,,,4985.5,-299.90625
1173,-2,58600,AMETHYSTS,10002,1,9995.0,25.0,,,10005,25,,,,,10003.5,-86.0
1174,-2,58700,STARFRUIT,4984,2,4983.0,32.0,,,4990,32,,,,,4987.0,-303.9375
1175,-2,58700,AMETHYSTS,9996,2,9995.0,30.0,,,10004,2,10005.0,30.0,,,10000.0,-86.0
1176,-2,58800,STARFRUIT,4982,29,,,,,4989,29,,,,,4985.5,-313.171875
1177,-2,58800,AMETHYSTS,9995,29,,,,,10002,1,10005.0,29.0,,,9998.5,-86.0
1178,-2,58900,STARFRUIT,4983,25,,,,,4990,25,,,,,4986.5,-304.359375
1179,-2,58900,AMETHYSTS,9996,1,9995.0,24.0,,,10004,1,10005.0,24.0,,,10000.0,-86.0
1180,-2,59000,STARFRUIT,4984,22,,,,,4990,2,4991.0,20.0,,,4987.0,-294.234375
1181,-2,59000,AMETHYSTS,9996,2,9995.0,20.0,,,10004,2,10005.0,20.0,,,10000.0,-86.0
1182,-2,59100,AMETHYSTS,9995,27,,,,,10005,27,,,,,10000.0,-86.0
1183,-2,59100,STARFRUIT,4984,7,4983.0,27.0,,,4990,27,,,,,4987.0,-297.5
1184,-2,59200,STARFRUIT,4984,31,,,,,4990,2,4991.0,29.0,,,4987.0,-293.5
1185,-2,59200,AMETHYSTS,9998,4,9996.0,2.0,9995.0,29.0,10004,2,10005.0,29.0,,,10001.0,-86.0
1186,-2,59300,STARFRUIT,4983,26,,,,,4988,2,4990.0,27.0,,,4985.5,-304.4296875
1187,-2,59300,AMETHYSTS,9996,1,9995.0,26.0,,,10004,1,10005.0,26.0,,,10000.0,-86.0
1188,-2,59400,STARFRUIT,4983,1,4982.0,21.0,,,4989,22,,,,,4986.0,-315.609375
1189,-2,59400,AMETHYSTS,9996,1,9995.0,21.0,,,10004,1,10005.0,21.0,,,10000.0,-86.0
1190,-2,59500,AMETHYSTS,10002,5,9995.0,23.0,,,10005,23,,,,,10003.5,-86.0
1191,-2,59500,STARFRUIT,4982,23,,,,,4989,23,,,,,4985.5,-317.5625
1192,-2,59600,STARFRUIT,4983,29,,,,,4990,29,,,,,4986.5,-307.046875
1193,-2,59600,AMETHYSTS,9996,2,9995.0,27.0,,,10004,2,10005.0,27.0,,,10000.0,-86.0
1194,-2,59700,STARFRUIT,4982,21,,,,,4989,21,,,,,4985.5,-314.546875
1195,-2,59700,AMETHYSTS,9995,21,,,,,10005,21,,,,,10000.0,-86.0
1196,-2,59800,STARFRUIT,4982,25,,,,,4989,25,,,,,4985.5,-320.5234375
1197,-2,59800,AMETHYSTS,9996,1,9995.0,24.0,,,10004,1,10005.0,24.0,,,10000.0,-86.0
1198,-2,59900,AMETHYSTS,9996,1,9995.0,23.0,,,10002,6,10004.0,1.0,10005.0,23.0,9999.0,-86.0
1199,-2,59900,STARFRUIT,4983,24,,,,,4989,1,4990.0,23.0,,,4986.0,-309.046875
1200,-2,60000,STARFRUIT,4982,22,,,,,4989,22,,,,,4985.5,-322.59375
1201,-2,60000,AMETHYSTS,9998,3,9995.0,22.0,,,10005,22,,,,,10001.5,-86.0
1202,-2,60100,STARFRUIT,4982,27,,,,,4989,27,,,,,4985.5,-317.9921875
1203,-2,60100,AMETHYSTS,9996,2,9995.0,25.0,,,10004,2,10005.0,25.0,,,10000.0,-86.0
1204,-2,60200,STARFRUIT,4987,3,4982.0,25.0,,,4989,25,,,,,4988.0,-314.5234375
1205,-2,60200,AMETHYSTS,9995,25,,,,,10005,25,,,,,10000.0,-86.0
1206,-2,60300,AMETHYSTS,9996,1,9995.0,27.0,,,10004,1,10005.0,27.0,,,10000.0,-86.0
1207,-2,60300,STARFRUIT,4983,1,4982.0,27.0,,,4989,28,,,,,4986.0,-316.0078125
1208,-2,60400,STARFRUIT,4983,1,4982.0,20.0,,,4989,21,,,,,4986.0,-314.671875
1209,-2,60400,AMETHYSTS,9996,1,9995.0,20.0,,,9998,1,10004.0,1.0,10005.0,20.0,9997.0,-86.0
1210,-2,60500,STARFRUIT,4984,1,4983.0,23.0,,,4990,24,,,,,4987.0,-295.9375
1211,-2,60500,AMETHYSTS,9996,1,9995.0,23.0,,,10004,1,10005.0,23.0,,,10000.0,-86.0
1212,-2,60600,STARFRUIT,4984,2,4983.0,24.0,,,4990,24,,,,,4987.0,-304.0078125
1213,-2,60600,AMETHYSTS,9996,2,9995.0,22.0,,,10004,2,10005.0,22.0,,,10000.0,-86.0
1214,-2,60700,AMETHYSTS,9995,22,,,,,10005,22,,,,,10000.0,-86.0
1215,-2,60700,STARFRUIT,4983,22,,,,,4988,5,4990.0,22.0,,,4985.5,-306.265625
1216,-2,60800,STARFRUIT,4983,31,,,,,4990,32,,,,,4986.5,-307.9921875
1217,-2,60800,AMETHYSTS,10002,10,9996.0,2.0,9995.0,30.0,10004,2,10005.0,30.0,,,10003.0,-86.0
1218,-2,60900,STARFRUIT,4983,31,,,,,4984,3,4987.0,4.0,4989.0,31.0,4983.5,-312.9375
1219,-2,60900,AMETHYSTS,9996,2,9995.0,29.0,,,10004,2,10005.0,29.0,,,10000.0,-86.0
1220,-2,61000,AMETHYSTS,9995,28,,,,,10005,28,,,,,10000.0,-86.0
1221,-2,61000,STARFRUIT,4982,28,,,,,4989,28,,,,,4985.5,-322.546875
1222,-2,61100,AMETHYSTS,9995,29,,,,,10005,29,,,,,10000.0,-86.0
1223,-2,61100,STARFRUIT,4983,29,,,,,4988,3,4990.0,29.0,,,4985.5,-311.1640625
1224,-2,61200,STARFRUIT,4983,22,,,,,4986,2,4989.0,1.0,4990.0,21.0,4984.5,-309.609375
1225,-2,61200,AMETHYSTS,9998,9,9996.0,1.0,9995.0,21.0,10000,2,10004.0,1.0,10005.0,21.0,9999.0,-86.0
1226,-2,61300,AMETHYSTS,9996,1,9995.0,22.0,,,10004,1,10005.0,22.0,,,10000.0,-86.0
1227,-2,61300,STARFRUIT,4982,23,,,,,4989,23,,,,,4985.5,-322.1953125
1228,-2,61400,AMETHYSTS,9996,1,9995.0,30.0,,,10004,1,10005.0,30.0,,,10000.0,-86.0
1229,-2,61400,STARFRUIT,4982,31,,,,,4988,1,4989.0,30.0,,,4985.0,-327.2265625
1230,-2,61500,AMETHYSTS,9996,2,9995.0,27.0,,,10004,2,10005.0,27.0,,,10000.0,-86.0
1231,-2,61500,STARFRUIT,4982,29,,,,,4989,29,,,,,4985.5,-324.34375
1232,-2,61600,STARFRUIT,4982,30,,,,,4987,5,4989.0,30.0,,,4984.5,-321.46875
1233,-2,61600,AMETHYSTS,9996,2,9995.0,28.0,,,10004,2,10005.0,28.0,,,10000.0,-86.0
1234,-2,61700,AMETHYSTS,9996,1,9995.0,26.0,,,10004,1,10005.0,26.0,,,10000.0,-86.0
1235,-2,61700,STARFRUIT,4981,26,,,,,4986,7,4988.0,27.0,,,4983.5,-331.7890625
1236,-2,61800,AMETHYSTS,9995,20,,,,,10005,20,,,,,10000.0,-86.0
1237,-2,61800,STARFRUIT,4981,20,,,,,4988,20,,,,,4984.5,-332.4609375
1238,-2,61900,AMETHYSTS,9995,26,,,,,9998,1,10005.0,26.0,,,9996.5,-86.0
1239,-2,61900,STARFRUIT,4982,26,,,,,4989,26,,,,,4985.5,-330.6015625
1240,-2,62000,STARFRUIT,4987,1,4982.0,20.0,,,4989,20,,,,,4988.0,-327.8203125
1241,-2,62000,AMETHYSTS,9995,20,,,,,10005,20,,,,,10000.0,-86.0
1242,-2,62100,AMETHYSTS,9996,2,9995.0,23.0,,,10004,2,10005.0,23.0,,,10000.0,-86.0
1243,-2,62100,STARFRUIT,4982,25,,,,,4989,25,,,,,4985.5,-325.0078125
1244,-2,62200,AMETHYSTS,9995,25,,,,,10002,3,10005.0,25.0,,,9998.5,-86.0
1245,-2,62200,STARFRUIT,4981,25,,,,,4988,25,,,,,4984.5,-338.0546875
1246,-2,62300,AMETHYSTS,9995,22,,,,,10005,22,,,,,10000.0,-86.0
1247,-2,62300,STARFRUIT,4982,22,,,,,4989,22,,,,,4985.5,-324.8671875
1248,-2,62400,STARFRUIT,4982,25,,,,,4987,8,4989.0,25.0,,,4984.5,-323.375
1249,-2,62400,AMETHYSTS,9996,2,9995.0,23.0,,,10004,2,10005.0,23.0,,,10000.0,-86.0
1250,-2,62500,AMETHYSTS,9996,1,9995.0,23.0,,,10004,1,10005.0,23.0,,,10000.0,-86.0
1251,-2,62500,STARFRUIT,4984,2,4983.0,24.0,,,4989,1,4990.0,23.0,,,4986.5,-310.46875
1252,-2,62600,AMETHYSTS,9995,29,,,,,10005,29,,,,,10000.0,-86.0
1253,-2,62600,STARFRUIT,4984,29,,,,,4991,29,,,,,4987.5,-290.0078125
1254,-2,62700,AMETHYSTS,9996,2,9995.0,24.0,,,10004,2,10005.0,24.0,,,10000.0,-86.0
1255,-2,62700,STARFRUIT,4984,26,,,,,4990,2,4991.0,24.0,,,4987.0,-291.171875
1256,-2,62800,STARFRUIT,4983,26,,,,,4984,1,4988.0,1.0,4990.0,26.0,4983.5,-300.0078125
1257,-2,62800,AMETHYSTS,9995,26,,,,,10005,26,,,,,10000.0,-86.0
1258,-2,62900,AMETHYSTS,9996,2,9995.0,27.0,,,9998,4,10004.0,2.0,10005.0,27.0,9997.0,-86.0
1259,-2,62900,STARFRUIT,4984,29,,,,,4989,1,4990.0,2.0,4991.0,27.0,4986.5,-293.84375
1260,-2,63000,AMETHYSTS,9995,29,,,,,10005,29,,,,,10000.0,-86.0
1261,-2,63000,STARFRUIT,4983,29,,,,,4988,4,4990.0,29.0,,,4985.5,-295.1484375
1262,-2,63100,AMETHYSTS,9996,2,9995.0,24.0,,,10004,2,10005.0,24.0,,,10000.0,-86.0
1263,-2,63100,STARFRUIT,4984,1,4983.0,24.0,,,4990,26,,,,,4987.0,-298.390625
1264,-2,63200,STARFRUIT,4983,28,,,,,4990,28,,,,,4986.5,-305.796875
1265,-2,63200,AMETHYSTS,9995,28,,,,,10005,28,,,,,10000.0,-86.0
1266,-2,63300,STARFRUIT,4984,32,,,,,4990,2,4991.0,30.0,,,4987.0,-293.7421875
1267,-2,63300,AMETHYSTS,9996,2,9995.0,30.0,,,10004,2,10005.0,30.0,,,10000.0,-86.0
1268,-2,63400,AMETHYSTS,9996,2,9995.0,24.0,,,10004,2,10005.0,24.0,,,10000.0,-86.0
1269,-2,63400,STARFRUIT,4988,3,4984.0,2.0,4983.0,24.0,4990,26,,,,,4989.0,-296.9140625
1270,-2,63500,STARFRUIT,4984,2,4983.0,20.0,,,4990,20,,,,,4987.0,-306.9453125
1271,-2,63500,AMETHYSTS,9998,8,9995.0,20.0,,,10005,20,,,,,10001.5,-86.0
1272,-2,63600,STARFRUIT,4988,1,4983.0,21.0,,,4990,21,,,,,4989.0,-310.1640625
1273,-2,63600,AMETHYSTS,9995,21,,,,,10005,21,,,,,10000.0,-86.0
1274,-2,63700,STARFRUIT,4983,8,4982.0,30.0,,,4989,30,,,,,4986.0,-318.453125
1275,-2,63700,AMETHYSTS,9996,2,9995.0,28.0,,,10002,6,10004.0,2.0,10005.0,28.0,9999.0,-86.0
1276,-2,63800,AMETHYSTS,9996,1,9995.0,21.0,,,10004,1,10005.0,21.0,,,10000.0,-86.0
1277,-2,63800,STARFRUIT,4982,21,,,,,4987,7,4989.0,22.0,,,4984.5,-317.3359375
1278,-2,63900,STARFRUIT,4982,21,,,,,4987,6,4989.0,21.0,,,4984.5,-320.34375
1279,-2,63900,AMETHYSTS,9995,21,,,,,10005,21,,,,,10000.0,-86.0
1280,-2,64000,STARFRUIT,4982,30,,,,,4989,30,,,,,4985.5,-327.921875
1281,-2,64000,AMETHYSTS,9998,6,9995.0,30.0,,,10005,30,,,,,10001.5,-86.0
1282,-2,64100,STARFRUIT,4982,27,,,,,4989,27,,,,,4985.5,-323.6328125
1283,-2,64100,AMETHYSTS,9995,27,,,,,10002,6,10005.0,27.0,,,9998.5,-86.0
1284,-2,64200,AMETHYSTS,9996,1,9995.0,24.0,,,10004,1,10005.0,24.0,,,10000.0,-86.0
1285,-2,64200,STARFRUIT,4982,25,,,,,4988,1,4989.0,24.0,,,4985.0,-328.25
1286,-2,64300,STARFRUIT,4982,23,,,,,4989,23,,,,,4985.5,-323.09375
1287,-2,64300,AMETHYSTS,9998,7,9996.0,1.0,9995.0,22.0,10004,1,10005.0,22.0,,,10001.0,-86.0
1288,-2,64400,STARFRUIT,4983,4,4982.0,27.0,,,4989,29,,,,,4986.0,-314.09375
1289,-2,64400,AMETHYSTS,9998,8,9996.0,2.0,9995.0,27.0,10004,2,10005.0,27.0,,,10001.0,-86.0
1290,-2,64500,STARFRUIT,4983,2,4982.0,27.0,,,4987,6,4989.0,29.0,,,4985.0,-316.6875
1291,-2,64500,AMETHYSTS,9998,5,9996.0,2.0,9995.0,27.0,10004,2,10005.0,27.0,,,10001.0,-86.0
1292,-2,64600,AMETHYSTS,9995,26,,,,,10005,26,,,,,10000.0,-86.0
1293,-2,64600,STARFRUIT,4982,26,,,,,4989,26,,,,,4985.5,-321.3203125
1294,-2,64700,STARFRUIT,4982,28,,,,,4989,28,,,,,4985.5,-319.9140625
1295,-2,64700,AMETHYSTS,9995,28,,,,,10005,28,,,,,10000.0,-86.0
1296,-2,64800,STARFRUIT,4983,2,4982.0,30.0,,,4989,32,,,,,4986.0,-313.5546875
1297,-2,64800,AMETHYSTS,9996,2,9995.0,30.0,,,10004,2,10005.0,30.0,,,10000.0,-86.0
1298,-2,64900,STARFRUIT,4983,2,4982.0,29.0,,,4987,3,4989.0,31.0,,,4985.0,-313.5859375
1299,-2,64900,AMETHYSTS,9996,2,9995.0,29.0,,,10004,2,10005.0,29.0,,,10000.0,-86.0
1300,-2,65000,AMETHYSTS,9995,25,,,,,9998,1,10005.0,25.0,,,9996.5,-86.0
1301,-2,65000,STARFRUIT,4983,25,,,,,4990,25,,,,,4986.5,-312.6015625
1302,-2,65100,STARFRUIT,4983,25,,,,,4989,2,4990.0,23.0,,,4986.0,-312.8046875
1303,-2,65100,AMETHYSTS,9996,2,9995.0,23.0,,,10004,2,10005.0,23.0,,,10000.0,-86.0
1304,-2,65200,STARFRUIT,4988,1,4983.0,29.0,,,4990,29,,,,,4989.0,-310.6015625
1305,-2,65200,AMETHYSTS,9998,8,9995.0,29.0,,,10005,29,,,,,10001.5,-86.0
1306,-2,65300,STARFRUIT,4983,21,,,,,4988,2,4990.0,21.0,,,4985.5,-306.1171875
1307,-2,65300,AMETHYSTS,9995,21,,,,,10002,3,10005.0,21.0,,,9998.5,-86.0
1308,-2,65400,AMETHYSTS,9996,2,9995.0,26.0,,,10000,3,10004.0,2.0,10005.0,26.0,9998.0,-86.0
1309,-2,65400,STARFRUIT,4983,28,,,,,4986,3,4989.0,2.0,4990.0,26.0,4984.5,-311.1796875
1310,-2,65500,STARFRUIT,4983,9,4982.0,27.0,,,4989,29,,,,,4986.0,-314.640625
1311,-2,65500,AMETHYSTS,9996,2,9995.0,27.0,,,10004,2,10005.0,27.0,,,10000.0,-86.0
1312,-2,65600,STARFRUIT,4982,20,,,,,4989,20,,,,,4985.5,-314.34375
1313,-2,65600,AMETHYSTS,9998,5,9995.0,20.0,,,10005,20,,,,,10001.5,-86.0
1314,-2,65700,STARFRUIT,4982,29,,,,,4989,29,,,,,4985.5,-319.125
1315,-2,65700,AMETHYSTS,9995,29,,,,,10005,29,,,,,10000.0,-86.0
1316,-2,65800,AMETHYSTS,9998,9,9995.0,20.0,,,10005,20,,,,,10001.5,-86.0
1317,-2,65800,STARFRUIT,4982,20,,,,,4987,7,4989.0,20.0,,,4984.5,-318.171875
1318,-2,65900,STARFRUIT,4983,6,4982.0,23.0,,,4989,24,,,,,4986.0,-314.34375
1319,-2,65900,AMETHYSTS,9996,1,9995.0,23.0,,,10004,1,10005.0,23.0,,,10000.0,-86.0
